3292 5436
768 122 810 185 53

44 318 60 377 ὃ
84 321 223 397 φλοιὸς,
249 324 303 377 οἷον
323 326 464 398 φελλοῦ,
490 324 572 399 δρυὸς,
590 323 764 400 ἀίγείροψ

44 414 114 464 τῶν
143 411 179 465 δὲ
198 408 318 483 ίνώδης
343 414 388 466 καὶ
406 407 519 486 ἄσαρκος
540 409 634 484 ἱμοίως
653 414 765 486 δένδρων

45 498 97 551 καί
127 495 237 568 θάμνων
267 501 312 552 καὶ
339 500 471 563 ἐπετείων,
500 500 571 552 οἷον
598 495 765 570 ἀμπέλου,

48 581 331 659 καλάμου,πυροῡ.
355 584 766 656 καὶτῶνμὲνπολάλοπος,

10 702 12 707 v
50 672 129 726 οἷον
156 668 318 745 φιλάρας,
344 669 481 744 ἐλάτης,
507 669 675 743 ἀμπέλου,
701 675 767 727 λινο-

51 755 182 832 οπάρτου,
212 755 369 831 κρομμύων·
405 765 464 812 τῶν
496 761 530 813 δὲ
558 757 766 831 μονόλοπος,

52 845 129 899 οἷον
151 850 268 918 συκῆς,
287 842 459 917 καλάμου,
480 846 562 919 αἴρας.

165 985 292 1066 Omnia,
327 1005 410 1069 quae
443 991 578 1068 uterque
609 986 748 1069 praebet,
782 987 878 1069 plane
906 989 995 1050 inter
1031 1005 1065 1050 sc
1094 989 1310 1069 consentiunt,
1346 988 1409 1051 nisi
1441 989 1526 1072 quod

55 1090 191 1155 Plinius
214 1090 331 1153 adiecit
353 1089 443 1153 libris
466 1091 604 1152 similem
628 1109 698 1153 esse
721 1093 870 1154 corticem
893 1092 1004 1172 cerasi,
1030 1091 1069 1154 de
1090 1110 1154 1173 quo
1171 1091 1405 1174 Theophrastus
1428 1094 1521 1176 plura

55 1194 161 1259 adfert
182 1193 243 1272 Ill,
275 1192 327 1272 13,
359 1195 375 1257 1
403 1199 433 1257 et
456 1194 495 1269 2;
529 1194 584 1256 sed
616 1213 681 1256 non
714 1195 790 1257 dicit
818 1214 892 1258 eum
920 1194 1013 1258 libris
1037 1195 1175 1258 similem
1199 1214 1277 1259 esse.
1324 1195 1398 1258 Nou
1429 1197 1523 1280 plane

56 1298 256 1381 respondent
278 1296 378 1359 Plinii
410 1296 506 1360 verba
543 1296 714 1378 „omnibus
736 1300 770 1361 in
803 1306 930 1362 senecta
961 1299 1124 1383 rugosior“
1162 1298 1368 1382 Theophrasti
1401 1299 1523 1364 verbis:

58 1407 172 1479 ,ταῦτα
195 1399 228 1464 δὲ
244 1449 251 1463 .
266 1449 272 1462 .
285 1448 312 1462 ..
335 1398 577 1485 άπογηράακοντα
597 1399 630 1463 δὲ
645 1401 924 1488 τραχυνρλοιάτεραι*ι
969 1402 1051 1467 Nam
1075 1403 1162 1485 apud
1177 1403 1429 1486 Theophrastum
1451 1424 1524 1487 pro·

58 1524 179 1570 nomen
208 1509 338 1582 ,,ταῦτα“
373 1524 423 1568 me
457 1506 587 1587 quidem
616 1506 725 1569 iudice
754 1506 956 1570 referendum
986 1513 1034 1570 est
1061 1507 1100 1570 ad
1130 1513 1286 1589 extrema,
1322 1527 1406 1590 quae
1437 1514 1526 1572 ante-

57 1610 191 1690 cedunt,
226 1609 293 1675 scil.
329 1609 383 1685 ,τὰ
418 1607 450 1672 δὲ
484 1607 669 1695 τραχάρλοια
703 1614 791 1673 κτλ.“.
844 1609 931 1674 Dicit
964 1613 1063 1694 igitur
1089 1610 1340 1694 Theophra-stus:
1382 1611 1526 1693 „Earum

57 1713 223 1794 arborum,
255 1731 338 1795 quae
364 1715 479 1778 cortice
503 1714 614 1777 scabro
638 1719 724 1797 sunt,
756 1720 864 1779 cortex
895 1717 928 1777 in
959 1717 1130 1778 iuventute
1159 1715 1270 1795 levior,
1301 1717 1336 1777 in
1361 1721 1526 1780 senectute

56 1817 203 1882 scabrior
235 1819 316 1898 est‘,
350 1838 424 1881 eum
456 1818 582 1881 Plinius
611 1820 757 1881 omnium
789 1821 940 1882 corticem
970 1820 1002 1881 in
1034 1824 1198 1883 senectute
1227 1822 1425 1902 rugosiorem
1456 1838 1527 1884 esse

56 1920 242 1984 contendet.
299 1911 505 1986 Adiectivum
542 1923 720 2004 „rugosus‘
765 1922 893 1986 Plinius
935 1923 1004 2003 hic,
1042 1930 1079 1985 ut
1113 1922 1198 1987 idern
1234 1923 1393 2004 significet
1427 1930 1525 2007 atque

17 2062 21 2066 ·
62 2024 225 2089 Graecum
248 2024 403 2111 ,,τραχός“,
428 2027 514 2109 quod
539 2026 617 2089 alias
639 2027 734 2088 vertit
757 2045 812 2108 per
836 2026 995 2107 „scaber“,
1027 2025 1212 2089 adhibuisse
1236 2027 1313 2088 mibi
1335 2026 1464 2090 videtur
1486 2027 1526 2089 ad

58 2129 253 2193 varietatem
278 2129 485 2211 efficiendam,
509 2150 583 2193 cum
606 2129 703 2213 paulo
726 2135 800 2194 ante
816 2137 920 2194 exstet
936 2131 1130 2195 adiectivum
1148 2129 1306 2211 „scaber“.
1353 2130 1414 2194 Sed
1438 2131 1526 2194 unde

52 2235 203 2318 sumpsit
236 2233 309 2296 illa:
346 2233 575 2315 „Omnibus
608 2237 643 2296 in
679 2240 806 2298 senecta
834 2235 1027 2317 rugosior‘l
1082 2236 1135 2296 An
1166 2234 1252 2317 apud
1274 2234 1526 2317 Theophrastum

51 2357 119 2422 pru
135 2342 272 2428 3‚,raera“
294 2338 371 2421 legit
394 2337 548 2415 ‚,advaa“?
599 2338 760 2420 Equidem
788 2343 867 2421 puto
891 2345 922 2401 et
944 2340 1064 2402 rectius
1087 2339 1146 2400 hcc
1170 2357 1239 2401 esse
1263 2359 1360 2420 quam
1385 2343 1522 2414 ,arietat

56 2441 145 2505 Nam
168 2443 202 2504 in
225 2443 277 2523 iis,
301 2462 384 2526 quae
408 2444 612 2523 antecedunt,
636 2442 872 2525 Theophrastus
897 2441 979 2504 dixit
1002 2441 1041 2504 de
1057 2441 1236 2522 arboribus,
1260 2462 1398 2525 quarum
1414 2448 1530 2525 cortex·

56 2564 119 2630 per
141 2564 176 2609 se
197 2545 278 2610 levis
301 2553 357 2611 aut
380 2549 490 2612 scaber
513 2549 568 2626 sit3
603 2546 718 2610 deinde
749 2565 800 2610 me
824 2546 955 2629 quidem
978 2545 1085 2609 iudice
1108 2546 1231 2609 adicere
1255 2547 1339 2608 vult:
1374 2533 1531 2626 „omuino

56 2651 208 2714 omniurn
246 2651 396 2714 arborum
435 2659 544 2715 cortex
578 2655 614 2714 in
648 2652 819 2715 iuventute
853 2651 967 2730 levior,
1005 2652 1037 2712 in
1075 2655 1238 2714 senectute
1274 2649 1413 2714 scabrior
1448 2649 1523 2713 est‘.

51 2754 166 2831 Quare
200 2755 397 2818 restituenda
433 2775 502 2819 esse
537 2763 633 2839 puto:
669 2754 828 2831 ,Πάντα
863 2753 896 2817 δὲ
925 2754 977 2817 νέα
1007 2753 1058 2839 μὲν
1090 2749 1158 2817 ὄντα
1190 2752 1419 2840 λαορλαότερα,
1454 2750 1526 2816 ἀπο-

50 2856 242 2945 γηράοκοντα
265 2862 352 2922 κτλίέ.

125 3013 148 3082 Ι,
176 3019 201 3081 6,
229 3018 253 3072 3.
303 3013 522 3088 Διαφέρουοι
550 3016 668 3073 δὲκαὶ
694 3021 768 3074 ταῖς
892 3015 906 3081 ἓ
935 3018 992 3070 127.
1040 3012 1136 3080 Magna
1169 3015 1202 3064 et
1232 3012 1387 3064 radicum
1417 3011 1526 3064 dille·

50 3104 183 3177 ῥίζαις·
207 3100 246 3156 τὰ
270 3105 327 3173 μὲν
356 3100 413 3176 γὰρ
437 3099 627 3175 πολύρριζον
651 3104 695 3156 καὶ
721 3122 768 3172 μα-
822 3099 1125 3169 rentia:copi0sae
1143 3097 1526 3166 licc,robori‚platan0,

48 3187 768 3265 αρόρριζα,κοθοίπεροοκή,δρῡς,πλοίτανος·
824 3189 917 3240 breves
952 3191 980 3239 et
1014 3189 1143 3254 angustae
1179 3185 1284 3251 malo,
1327 3185 1526 3253 singulares

50 3276 101 3332 ἐὰν
122 3275 171 3349 γὰρ
192 3276 271 3350 έχωοι
291 3273 380 3340 τόπον,
400 3273 564 3349 ἐρ’ὁαονοῦν
586 3279 768 3350 προέρχονται.
822 3274 948 3340 abieti,
991 3272 1104 3327 larici.
1157 3271 1313 3339 singulis
1349 3273 1437 3326 enim
1473 3274 1525 3325 in·

48 3362 95 3418 Ta
117 3358 449 3436 δ’ὀλιγόρριζακαλάπερ
470 3364 551 3427 ἐλαία,
572 3361 627 3436 ῥόα,
648 3364 768 3435 μηλέα·
822 3361 986 3415 nituntur
1039 3375 1241 3428 ‹puamqrram
1294 3359 1444 3412 minutis
1492 3361 1526 3412 in

48 3447 94 3504 τὰ
140 3449 173 3502 δὲ
215 3447 405 3523 μονίρριζα
447 3449 602 3524 καθάπερ
646 3448 764 3521 ἐλάτη,
818 3448 1144 3516 lateradispersis.
1194 3442 1392 3501 crassiores
1426 3446 1526 3499 lauro

48 3533 182 3608 πεύκη·
212 3533 351 3610 μονάρριζα
375 3539 403 3592 δὲ
423 3532 513 3601 οὕτως,
543 3533 581 3591 bar
607 3539 684 3609 μίαν
710 3558 765 3609 με·
818 3541 852 3590 et
878 3536 1099 3604 inaequales,
1137 3535 1221 3588 item
1254 3532 1361 3600 oleae,
1399 3533 1456 3586 eui
1493 3538 1527 3585 ot

46 3622 163 3699 γάλην
188 3622 249 3696 τὴν
274 3625 321 3683 εἰς
346 3621 451 3696 βάθος
475 3625 560 3698 ἔχει,
586 3623 708 3696 μικρὰς
733 3625 767 3677 δὲ
819 3639 980 3677 ramosae.
1017 3622 1373 3676 atrebaricarnosae.
1404 3619 1526 3672 robora

47 3709 120 3768 ἀπὸ
147 3707 439 3784 ταύτηςπλείονς.
478 3707 630 3765 ...Ἔτι
655 3713 682 3765 δὲ
706 3716 765 3763 τῶν
820 3709 1311 3777 suasinprolundumagunt.

47 3801 114 3873 μέν
135 3805 279 3872 παχεῖαν
298 3799 440 3871 μᾶλλον,
459 3804 508 3852 των
528 3800 556 3853 δὲ
574 3795 768 3869 ἀνωμαλεῖς

10 3946 14 3951 ,
46 3883 177 3958 καθάπερ
207 3882 351 3959 δάφνης,
383 3887 515 3945 ἐλαίας·
547 3892 597 3938 τῶν
630 3886 658 3939 δὲ
688 3892 768 3939 πᾰοαι

46 3975 160 4036 λεπταί,
178 3968 298 4047 καθάπερ
318 3969 445 4044 ἀμπέλου.

126 4095 188 4164 ξ4.
224 4095 332 4148 ...αἱ
357 4095 391 4149 δὲ
416 4091 602 4166 σαρκώδεις
627 4095 767 4164 μᾶλλον,

48 4168 141 4256 ὥσπερ
167 4182 194 4235 αί
222 4187 282 4254 τῆς
306 4179 421 4255 δρυός,
450 4181 476 4233 αἱ
499 4181 526 4234 δὲ
552 4181 606 4233 οἷον
632 4176 768 4241 diethart

10 4318 13 4323 .
47 4272 96 4325 καὶ
116 4266 284 4332 decuesibus,
310 4264 417 4341 ὥσπερ
444 4269 475 4320 ut
494 4272 552 4338 τῆς
571 4268 689 4327 ἐλαίας

44 4353 125 4412 Ἔστι
145 4356 237 4410 δὲκαὶ
260 4354 376 4428 τὰμὲν
396 4352 589 4428 βοθνίρριζα
612 4352 766 4427 καθάπερ

50 4445 142 4519 δρῦς
1240 4510 1243 4515 ¹

124 4547 207 4615 Verg.
221 4545 314 4616 Georg.
327 4546 366 4613 I'l,
384 4551 450 4605 291:
469 4546 595 4601 aesculus
614 4545 642 4596 in
661 4545 765 4611 primis,
889 4544 918 4596 Si
937 4544 1057 4613 Vergilio
1081 4544 1190 4612 quidem
1209 4543 1352 4610 credimus,
1376 4541 1526 4611 aesculum,

51 4650 131 4704 quae,
164 4636 295 4701 quantum
322 4634 424 4687 vertice
451 4634 484 4686 ad
512 4648 590 4686 auras
615 4631 765 4699 Aetherias,
819 4633 950 4699 quantum
987 4647 1095 4699 corpore
1130 4630 1248 4697 eminet,
1289 4632 1394 4682 tantum
1435 4631 1525 4684 radice

51 4724 160 4775 tantum
179 4719 270 4774 radice
288 4721 317 4773 in
335 4720 441 4774 Tartara
459 4721 554 4773 tendit.
819 4719 967 4773 deseendit.
