3188 5206
709 224 753 290 55

61 450 75 490 ς
121 429 394 503 ροκρορριζίον,
437 427 455 502 ἡ
496 436 556 504 τῆς
599 429 706 508 χώρας

52 536 108 580 τις,
153 513 211 570 ἐὰν
247 511 265 590 ᾖ
300 513 411 591 κου’φη
447 519 504 572 καὶ
540 518 628 591 μονὴ
663 522 708 574 καὶ

52 604 124 664 odor.

64 689 104 758 H,
133 694 159 756 5,
184 693 210 748 2.
245 687 378 763 floriano
406 691 440 745 δέ
465 711 514 752 τις
542 693 604 766 ἔφη
628 712 706 764 μετοι-
828 692 918 760 apud
952 693 1116 746 auctores
1152 695 1222 746 certe
1262 693 1463 760 invenitur,

52 774 119 832 arios
146 777 363 852 μεμοχλεορένην
392 778 494 849 μείζω
522 779 581 850 τὴν
611 781 705 853 ῥίζαν
759 776 891 832 abietis
928 777 1046 847 planta
1081 795 1156 833 curn
1191 780 1464 844 transferretur,

52 885 91 919 ¹ra
121 860 375 939 ἢόκτοὶπηχυν,
402 862 606 941 καίπερούχ
627 861 707 939 ὅλης
760 862 843 918 VllI
879 865 1079 920 cubitorum
1112 866 1148 919 in
1174 866 1368 920 altitudine
1404 880 1465 918 neo

60 951 253 1026 ιρεθείοης,
273 945 341 1006 ἀλλ’
355 946 618 1025 ἀπορραγείσης.
759 954 867 1006 totam
884 954 1051 1007 refossam
1068 954 1127 1008 sed
1144 953 1336 1021 abruptam.

103 1055 177 1121 Hos
207 1056 289 1120 duos
317 1055 522 1140 Theophrasti
555 1059 641 1123 locos
677 1060 757 1141 quin
788 1058 916 1122 Plinius
950 1064 1023 1123 ante
1052 1059 1163 1123 oculos
1191 1058 1347 1142 habuerit,
1383 1059 1465 1122 mihi

52 1161 139 1226 idem
162 1159 298 1225 dubium
320 1180 386 1223 non
409 1167 466 1225 est.
512 1160 574 1226 Sed
598 1161 725 1226 Plinius
754 1162 800 1242 id,
832 1162 918 1245 quod
940 1163 1175 1247 Theophrastus
1196 1183 1253 1247 pro
1277 1168 1361 1228 certo
1384 1183 1461 1227 con-

52 1265 173 1329 nit-
196 1269 333 1352 streete
356 1265 498 1348 quidem,
528 1272 564 1329 ut
592 1273 671 1349 puto
694 1302 747 1346 -,
777 1266 894 1330 falsum
927 1286 997 1333 esse
1030 1267 1118 1348 dicit,
1151 1268 1238 1349 quod
1266 1267 1306 1331 ad
1337 1268 1467 1332 demon-

52 1369 173 1433 rndum
204 1368 301 1433 altero
333 1368 402 1432 loco
425 1369 631 1452 Theophrasti
660 1370 699 1434 de
721 1371 828 1436 radice
850 1371 964 1436 abietis
995 1372 1224 1452 (adnotandum
1248 1378 1296 1436 est
1318 1372 1460 1435 Plinium

52 1473 286 1558 :Theophrasti
309 1473 503 1537 vocabulum
526 1471 673 1556 ,,πεόκην“
707 1481 829 1539 vertere
858 1494 915 1559 per
948 1475 1086 1558 „abies“,
1120 1496 1196 1540 oum
1226 1475 1305 1540 alias
1336 1475 1465 1556 „abies“

52 1577 194 1662 pondeat
215 1579 341 1642 nomini
366 1578 486 1644 Graeco
508 1575 649 1661 „iicttnfi
680 1579 783 1643 utitur
810 1586 1007 1663 argumento.
1065 1578 1245 1658 Quaeritur,
1278 1579 1365 1644 unde
1386 1581 1466 1644 haec

52 1687 180 1747 atuatus
203 1683 256 1765 sit,
278 1687 388 1746 utrum
410 1683 513 1766 ipsius
536 1682 633 1747 verba
655 1683 721 1747 sint
735 1703 777 1746 an
793 1683 876 1748 alius
891 1684 1060 1748 cuiusdam
1076 1685 1227 1749 auctoris.
1266 1682 1319 1748 Me
1336 1684 1467 1768 quidem

52 1786 116 1851 lice
137 1786 308 1851 falsissimo
331 1785 459 1850 Plinius
479 1787 694 1870 Theophrasto
717 1787 912 1872 obloquitur,
945 1808 1043 1871 qnam
1066 1788 1108 1853 ob
1131 1807 1198 1852 rem
1221 1795 1299 1872 puto
1321 1789 1465 1854 Plinium

52 1911 58 1954 ι
81 1910 177 1955 suam
196 1891 301 1974 ipsius
325 1891 490 1954 scientiam
507 1890 657 1955 derebus
678 1892 880 1957 naturalibus
896 1891 1063 1956 ostendere
1078 1897 1237 1973 conatum,
1260 1894 1316 1957 sed
1336 1913 1470 1976 magno·

52 1998 233 2080 relapsum
255 2014 333 2060 esse.
377 1994 461 2059 Nam
491 1995 573 2060 alius
601 2005 720 2076 auctor,
754 1998 811 2079 qui
838 1998 908 2080 ipse
941 1997 981 2060 de
1011 1996 1129 2080 plantis
1158 1999 1285 2080 scripsit
1314 2004 1345 2061 et
1374 1997 1469 2082 paulo

52 2102 142 2165 ritior
172 2105 239 2165 erat
267 2119 375 2164 rerum
403 2099 600 2163 naturalium
630 2120 727 2183 quam
757 2100 897 2181 Plinius,
931 2118 1002 2164 mea
1037 2101 1167 2183 quidem
1202 2103 1361 2166 sententia
1394 2121 1470 2164 con·

52 2205 140 2270 idere
171 2225 238 2268 non
271 2205 377 2288 potuit
410 2204 486 2268 solis
514 2204 656 2267 calorem
690 2222 754 2268 non
786 2205 882 2268 altius
911 2208 1027 2268 terram
1055 2205 1231 2289 tepefacere
1265 2225 1362 2288 quam
1398 2212 1467 2268 octo

52 2307 128 2373 bita
172 2309 339 2373 Praeterea
361 2312 426 2372 tota
448 2309 526 2372 haec
549 2307 647 2371 Plinii
669 2309 889 2392 paragraphus
911 2329 1025 2392 parurn
1049 2309 1174 2394 liquida
1197 2315 1253 2374 est.
1301 2308 1339 2372 In
1363 2309 1467 2393 priore

52 2413 168 2477 nuntia
189 2413 317 2477 Plinius
347 2412 438 2478 dicit:
475 2412 628 2496 „quidam
662 2412 871 2495 contendunt,
900 2414 1025 2478 radices
1056 2432 1122 2476 non
1154 2412 1250 2476 altius
1274 2412 1467 2477 descendere

52 2537 111 2580 ram
131 2517 207 2582 solis
230 2518 315 2581 calor
336 2516 502 2601 tepefaciat
529 2516 628 2600 idque
651 2521 784 2580 naturae
806 2516 868 2580 loci
891 2518 991 2597 esse“,
1022 2535 1105 2600 quae
1136 2516 1235 2581 verba
1262 2536 1313 2581 me
1337 2517 1468 2600 quidem

52 2620 121 2686 [dice
142 2627 227 2687 certo
249 2620 432 2705 significant
453 2627 588 2684 naturae
609 2618 671 2682 loci
693 2621 856 2703 interesse,
879 2627 989 2684 utrum
1012 2621 1088 2685 solis
1114 2622 1199 2684 calor
1214 2621 1286 2702 plus
1303 2640 1343 2683 an
1360 2621 1469 2703 minus

52 2725 78 2786 li
97 2727 270 2811 tepefaciat.
316 2723 409 2801 Quod
440 2725 499 2788 etsi
523 2743 588 2787 non
611 2722 729 2786 falsum
758 2729 816 2800 est,
847 2727 980 2790 meliora
1009 2733 1115 2790 tamen
1145 2730 1232 2806 sunt,
1265 2743 1348 2807 quae
1369 2723 1470 2788 Theo-

52 2827 162 2895 hrastus
188 2829 337 2914 praebet:
373 2827 520 2910 „Nullius
550 2827 672 2890 arboris
701 2828 794 2891 radix.
825 2829 920 2894 altius
951 2830 1115 2894 descendit
1144 2848 1242 2912 quam
1272 2829 1348 2893 solis
1381 2830 1468 2893 calor

52 2932 170 3017 epefacit,
203 2953 278 2998 cum
312 2933 396 2996 calor
425 2935 493 2998 rim
523 2931 677 3016 gignendi
705 2932 829 2996 habeat.
886 2932 948 2997 Sed
979 2935 1074 2998 etiam
1104 2939 1221 2998 natura
1250 2934 1313 2997 loci
1336 2933 1377 2997 ad
1400 2934 1471 2997 alti-

52 3035 159 3102 udinem
189 3037 334 3102 radicum
361 3037 537 3121 plurimum
570 3036 681 3100 valet‘.
726 3035 876 3121 Denique
905 3037 938 3100 id
967 3043 1203 3121 argumentum,
1239 3039 1325 3120 quod
1356 3037 1472 3100 adtulit

52 3137 366 3207 iddcmonstrandum
390 3159 438 3223 ea,
461 3159 543 3224 quae
566 3142 670 3223 priore
692 3144 850 3205 sententia
873 3141 957 3205 diota
980 3148 1096 3223 essent,
1119 3160 1189 3205 esse
1212 3141 1303 3222 falsa,
1326 3149 1409 3205 certe
1432 3140 1472 3204 ad

52 3245 152 3323 ¹niorem
172 3252 298 3312 tantum
328 3246 427 3309 huius
456 3247 633 3309 sententiae
659 3251 780 3329 partem
810 3247 956 3329 pertinet
1009 3245 1092 3310 Nam
1123 3263 1175 3308 me
1204 3243 1336 3327 quidem
1365 3244 1473 3307 iudice

52 3343 143 3416 Plinius
163 3353 242 3417 haec
265 3350 371 3414 dicero
392 3348 481 3413 vult:
508 3347 663 3430 ,Radices
685 3350 785 3413 multo
809 3350 905 3413 altius
928 3350 1140 3430 descendunt,
1164 3367 1263 3432 quarn
1286 3348 1362 3412 solis
1386 3348 1472 3412 calor

51 3465 132 3518 anam
153 3455 310 3540 tepefacit,
341 3473 416 3518 nam
446 3451 559 3517 abietis
586 3452 680 3517 radix
709 3453 912 3518 altitudinem
943 3459 1013 3518 octo
1041 3454 1092 3517 rel
1123 3453 1254 3537 plorum
1286 3450 1469 3515 cubitorum

52 3551 213 3642 insequitur,
235 3565 301 3623 tam
323 3558 418 3642 longe
441 3563 548 3621 autem
571 3556 648 3620 solis
670 3557 756 3620 calor
776 3563 893 3622 terram
914 3578 980 3622 non
1003 3557 1181 3642 penetrat‘,
1204 3556 1261 3620 sed
1283 3555 1472 3619 adulteram

52 3657 133 3736 irione
158 3664 336 3728 sententiae
364 3668 486 3751 partem
517 3662 610 3742 haec,
643 3667 680 3724 ut
709 3662 790 3724 mihi
819 3664 949 3745 quidem
978 3663 1124 3744 videtur,
1156 3662 1289 3724 omnino
1317 3660 1475 3742 pertinere

52 3772 192 3846 roquennt.

94 3864 128 3922 De
143 3869 206 3924 citri
223 3869 314 3924 radice
330 3868 403 3938 apud
420 3867 632 3937 Theophrastum
649 3866 721 3920 nihil
842 3884 988 3936 „maxuma
1022 3869 1108 3938 spatio
1141 3871 1221 3936 atque
1254 3865 1421 3934 plenitudine
1448 3867 1476 3917 ot

52 3952 116 4008 mat
232 4005 239 4009 .
773 3956 836 4009 citri
859 3961 910 4024 est,
937 3957 970 4011 ab
997 3972 1028 4010 ca
1054 3955 1163 4024 platani,
1191 3953 1293 4009 roboris
1319 3955 1346 4006 et
1373 3951 1477 4021 glandi·

93 4038 201 4112 L6,3:
228 4043 262 4100 τὰ
289 4048 335 4118 μὲν
362 4042 411 4119 γὰρ
438 4040 580 4117 πολύρριζοι
603 4043 649 4096 καὶ
672 4061 720 4114 μοι·
772 4045 912 4099 ferarum“.

52 4123 147 4202 ῑρόρριζο,
166 4130 288 4207 καθάπερ
306 4137 381 4204 συκῆ,
400 4132 467 4206 δρῦς,
486 4127 625 4190 πλάτανος.
695 4141 698 4147 “

92 4221 113 4274 4.
140 4213 217 4274 Ἐστι
239 4221 267 4274 δὲ
289 4222 335 4274 καὶ
359 4217 392 4274 τὰ
416 4214 631 4292 μὲνῇβαθόρριζα,
657 4215 721 4269 καθ·

52 4292 90 4375 lap
105 4304 171 4380 δρῦς.

91 4391 119 4444 θὶ
135 4390 187 4460 ΠΙ,
206 4397 234 4460 6,
250 4397 277 4452 4.
312 4390 529 4468 βαθυρριζότοτον
548 4389 573 4447 δ’
587 4387 631 4447 οὖν
651 4392 725 4444 δοκεῖ

52 4474 180 4553 drippione
199 4480 265 4535 εἶναι
283 4477 302 4553 ἡ
319 4486 416 4554 πρῖνος

88 4563 150 4634 Li,
170 4572 194 4626 1,
225 4563 263 4622 ‘H
278 4571 338 4641 γοῦν
357 4568 384 4623 ὲν
403 4570 441 4639 τῷ
455 4563 558 4640 Λυκείῳ
583 4562 722 4630 πλάτανος,

61 4652 122 4709 κατὰ
138 4655 183 4709 τον
202 4649 305 4730 ὀχετὸν,
323 4654 361 4708 ἔτι
378 4654 425 4708 νέα
444 4649 509 4708 οὖσα
521 4656 580 4727 περὶ
593 4659 661 4727 τρεῖς
679 4654 723 4706 καὶ

52 4740 157 4796 ιίοκοντοι
173 4737 271 4817 πήχεις
289 4736 399 4814 ἀφῆκεν,
418 4741 517 4816 ἔχουσα
533 4738 614 4794 τόπον
626 4759 656 4794 τε
669 4735 723 4811 ἅμα

51 4849 65 4883 ιι
80 4849 188 4904 τροφην.
