3292 5436
786 107 826 171 27

178 313 268 378 Haec
302 332 382 376 uum
412 311 539 376 Plinius
572 332 614 377 err
647 312 861 396 Theophrasto
895 317 965 398 ipso
1000 321 1166 381 mutuatus
1201 321 1253 401 sit,
1288 320 1379 384 valde
1413 317 1533 382 dubito.

68 417 221 482 Fortasse
242 436 323 481 usus
347 422 395 481 est
417 422 545 480 auctore
568 417 718 500 quodam,
742 420 810 501 qui,
842 438 916 482 oum
944 422 1013 502 ipse
1036 419 1285 504 Theophrastum
1309 425 1532 507 excerpsisset,

70 522 240 605 complura
269 540 311 586 ex
341 520 445 604 ipsius
474 521 607 584 scientia
636 521 800 586 adiecerat.
846 521 928 585 Nam
959 525 1019 588 etsi
1050 524 1214 607 complura
1244 527 1329 609 apud
1358 533 1535 609 utrumque

69 630 236 689 auctorem
260 630 454 708 congruunt,
476 630 583 688 tamen
605 625 683 688 haec
706 625 794 708 apud
817 625 962 690 Plinium
992 647 1066 691 cum
1098 629 1180 703 aliis,
1211 650 1294 712 quae
1322 631 1535 713 Theophrasto

68 749 139 792 uon
173 728 342 810 debentur,
371 736 437 792 taur
466 733 532 792 arte
560 729 733 792 coniuncta
762 736 851 811 sunt,
882 736 918 794 ut
947 731 1024 795 haec
1056 733 1208 796 universa
1239 753 1281 797 ex
1313 753 1378 797 uno
1408 738 1536 798 auctore

69 833 212 896 fluxisse
234 838 355 915 putem.
400 832 462 897 Sed
485 838 650 915 procerte
673 834 725 895 hic
749 833 829 895 nihil
853 834 1043 898 contendere
1066 836 1177 900 audeo.

177 953 253 1017 Non
280 959 364 1018 recta
388 973 458 1018 esse
480 954 559 1016 mihi
575 955 728 1017 videntur
750 954 848 1017 Plinii
872 954 983 1019 verba:
1010 964 1115 1036 „amat
1130 958 1255 1042 frigida,
1279 960 1415 1043 aprica.“
1450 959 1534 1023 Nam

67 1059 308 1142 Theophrastus
332 1057 410 1120 dicit
440 1060 475 1120 iu
506 1057 725 1141 locisapriois
749 1059 870 1138 (ἐντοῖς
895 1057 1042 1144 ἐμπύροις)
1071 1080 1141 1123 raro
1164 1065 1254 1126 nasci
1284 1062 1421 1145 buxum,
1451 1065 1536 1129 hanc

67 1165 218 1227 arborem
242 1163 341 1245 igitur
363 1163 471 1244 aprica
492 1180 599 1225 amare
621 1168 706 1238 certe
729 1161 848 1225 falsum
871 1168 928 1227 est.
973 1161 1026 1226 Me
1059 1165 1189 1246 quidem
1219 1167 1326 1231 iudice
1355 1169 1535 1232 secundum

66 1267 278 1349 Theophrasti
311 1264 424 1328 verba:
460 1263 584 1350 ,φύεται
614 1264 642 1329 δ’
667 1268 697 1328 ἐν
727 1265 786 1336 τοῖς
805 1268 939 1352 ’ψυχροῖς
969 1263 1067 1338 τόποις
1096 1265 1145 1331 καὶ
1176 1270 1317 1356 τροιχέτιίί
1339 1271 1535 1335 vocabulum

70 1370 219 1454 „aprica“
244 1367 436 1433 mutandum
461 1376 509 1433 est
532 1371 564 1432 in
592 1370 754 1454 „aspera.“

898 1490 913 1556 ἕ
932 1494 975 1548 72.
1010 1489 1084 1543 Inter
1101 1490 1150 1544 has
1168 1493 1248 1560 atque
1266 1493 1406 1560 frugiferas
1425 1494 1535 1548 materie

138 1579 248 1643 111,14,
269 1578 293 1632 1.
324 1569 400 1629 ’Ἔστι
419 1577 446 1630 δὲ
470 1581 528 1647 τῆς
552 1579 697 1637 πτελέας
715 1575 773 1632 δύο
828 1575 981 1644 vitiumque
999 1577 1120 1630 amicitia
1136 1578 1268 1646 accipitur
1287 1578 1410 1634 ulmus
1440 1579 1536 1637 Graeci

64 1665 162 1734 γένη·
187 1663 233 1716 καὶ
250 1659 361 1732 τδρὲν
380 1658 582 1735 ὀρξιττελέο
600 1665 724 1727 καλεῖται,
743 1663 773 1716 τὸ
827 1663 893 1716 duo
918 1678 1043 1730 genera
1067 1664 1144 1717 eius
1163 1680 1275 1720 novere:
1299 1669 1533 1725 montuosam,

64 1751 95 1803 δὲ
123 1744 257 1802 arsita.
302 1744 465 1823 Διαφέρει
501 1750 535 1804 δὲ
569 1755 613 1821 τῷ
639 1752 773 1822 hapso·
829 1766 914 1818 quae
938 1749 1168 1817 sitamplior,
1196 1754 1425 1820 campestrem
1450 1767 1536 1819 quae

64 1837 232 1908 δέστερον
268 1835 355 1889 εἶναι
391 1833 451 1907 τὴν
481 1834 775 1900 aversan-etan·
828 1836 1008 1891 fruticosa.
1053 1836 1132 1891 Italia
1153 1838 1260 1892 Atinias
1279 1840 1357 1892 vocat
1374 1839 1532 1893 excelsissi-

64 1920 229 1994 ξέστερον
248 1921 282 1974 δὲ
299 1919 356 1974 τίν
377 1918 607 1996 ὀρειπτελέαν.
827 1939 884 1976 mas
911 1927 939 1976 et
965 1940 1000 1976 er
1027 1923 1071 1976 his
1097 1924 1218 1977 siccanas
1243 1925 1363 1992 praefert,
1389 1941 1457 1992 quae
1482 1941 1536 1978 non

827 2010 883 2063 sint
900 2010 1001 2078 riguae,
1024 2009 1138 2063 alterum
1162 2026 1246 2079 genus
1272 2010 1396 2078 GallioaS,
1421 2012 1534 2064 tertium

826 2097 963 2163 nostratis,
982 2096 1105 2150 densiore
1120 2096 1187 2151 lolio
1205 2100 1232 2150 at
1244 2096 1277 2150 ab
1295 2097 1389 2150 eodem
1408 2097 1534 2166 pediculo

825 2184 1017 2249 numerosiore,
1037 2187 1162 2251 quartum
1181 2183 1314 2240 silvestre.
1351 2184 1460 2237 Atiniae
1478 2200 1533 2238 non

824 2270 913 2322 ierunt
931 2285 1060 2322 samaram
1074 2300 1108 2309 -
1120 2273 1159 2324 ita
1171 2273 1284 2324 vocatur
1301 2270 1370 2323 ulmi
1385 2286 1476 2324 semen
1490 2302 1533 2338 -,

823 2371 969 2423 omnesque
994 2356 1116 2409 radicum
1142 2357 1242 2425 plantis
1267 2356 1438 2425 proveniunt,
1465 2356 1531 2410 reli-

823 2458 890 2511 quae
908 2442 1021 2496 semine.

168 2579 208 2643 In
236 2581 296 2642 hac
318 2582 515 2665 paragrapho
542 2582 676 2664 Plinius,
701 2602 784 2666 quae
807 2584 884 2646 dicit
915 2583 954 2646 de
986 2583 1143 2646 divisione
1176 2582 1336 2644 ulmorum
1360 2602 1379 2644 a
1402 2583 1534 2646 Graecis

64 2683 151 2747 facta
174 2703 217 2747 ex
240 2685 454 2767 Theophrasto
476 2687 557 2770 ipso,
585 2693 687 2750 cetera
711 2706 753 2750 ex
775 2688 837 2750 alio
862 2688 1000 2771 quodam
1032 2695 1162 2752 auctore
1192 2694 1223 2750 et
1245 2685 1358 2750 Latino
1389 2687 1533 2770 quidem,

66 2789 128 2871 qui
150 2787 278 2852 Italiam
303 2794 334 2852 et
358 2787 493 2852 Galliam
517 2793 671 2872 tractavit,
695 2796 862 2855 mutuatus
886 2800 943 2856 est.
1032 2879 1037 2891 ι
1136 2787 1140 2795 '

130 2964 179 3028 ΙΙΙ,
193 2964 235 3027 12,
244 2965 270 3018 4.
289 2957 365 3028 (Κέδ
373 2981 430 3034 ρος
447 2963 492 3014 καὶ
511 2956 649 3033 ἄρκευθος)
669 2960 768 3035 φύον-

56 3067 116 3101 ται
135 3047 163 3100 δὲ
181 3048 257 3120 περὶ
281 3046 321 3101 τοὶ
342 3045 495 3120 πετρώδη
514 3050 558 3101 κοιὶ
577 3051 705 3122 χειμέριοι,
725 3051 770 3102 καὶ

57 3130 170 3192 τούτους
187 3130 249 3192 τοὺς
266 3130 362 3194 τόπους
381 3136 496 3206 ζητοῦσι.

132 3222 266 3287 111,3,1.
304 3215 399 3274 'lora
429 3222 465 3274 δὲ
495 3219 533 3274 τὰ
562 3218 680 3276 τοιάδε
709 3227 768 3275 τῶν

49 3303 199 3379 ’ὀρεινῶν
206 3346 213 3370 ,
233 3300 250 3360 δι
268 3307 295 3360 ἐν
313 3313 368 3366 τοῖς
385 3307 482 3367 πεδίοις
501 3303 531 3360 ού
551 3304 651 3380 φύεται,
669 3309 728 3380 περί
741 3327 770 3362 τε

58 3391 230 3448 Μακεδονίαν
258 3390 348 3466 ἐλάτη,
376 3390 499 3457 πεύκη,
529 3394 627 3453 πίτυς
655 3391 768 3467 ἀγρία,

58 3481 166 3555 φίλορα,
200 3479 311 3551 ζυνία,
348 3478 438 3554 φηγὸς,
474 3476 590 3546 πύξος,
628 3477 769 3556 ἀνδράχνῃ,

58 3569 148 3639 μίλος,
172 3561 353 3639 ἄρκευθος,
378 3566 575 3639 τέρμινδος,
601 3566 704 3641 ἐρινεός,
730 3591 770 3642 ρι-

58 3650 140 3724 λύκη,
161 3648 275 3726 ἇροίρκη,
297 3650 390 3727 κοιρύοι,
416 3651 475 3714 Διὸς
499 3652 618 3725 βάλανος,
644 3663 769 3728 πρῖνος.

59 3737 110 3794 Τὰ
131 3740 165 3794 δὲ
183 3741 238 3794 καὶ
256 3741 288 3793 ἐν
306 3747 377 3800 τοῖς
395 3741 527 3800 πεδίοις
546 3743 649 3815 μυρίκη,
666 3745 769 3806 πτελέα,

57 3824 156 3899 λεύκη,
180 3828 243 3890 lato,
262 3826 380 3900 αἴγειρος,
405 3826 561 3900 κράνεια,
586 3826 770 3901 δηλοκροίνεια,

57 3911 176 3986 κλήίίρα,
200 3913 267 3986 δρῦς,
293 3911 404 3986 λοικοίρη,
431 3910 521 3987 ἀχρὰς,
546 3916 639 3986 ρηὶέοι,
666 3911 770 3988 ὀστρύοι,

56 3999 223 4073 κήλαστρον,
242 4000 326 4071 pelio,
345 4001 492 4071 πολίουρος,
509 3997 676 4064 ὀξυοίκοινδος,
696 4004 771 4074 opta·

57 4090 170 4159 δαρνος,
195 4081 227 4157 ἣν
252 4088 278 4140 ἐν
307 4089 352 4157 μὲν
371 4092 409 4157 τῷ
433 4083 486 4160 ύρει
513 4093 656 4158 πεφυκυῖαν
685 4088 770 4158 Captus

55 4175 196 4236 καλοῦσιν,
215 4173 241 4226 ἐν
261 4173 289 4226 δὲ
306 4178 344 4244 τῷ
358 4175 439 4247 πεδίῳ
459 4175 567 4245 plaiano.

892 2964 908 3029 ἕ
927 2967 969 3020 73.
1002 2961 1081 3015 Nunc
1100 2961 1281 3015 celeberrimis
1303 2961 1427 3014 arborum
1445 2961 1529 3014 dictis

822 3047 951 3114 quaedam
969 3048 997 3100 in
1015 3049 1176 3100 universum
1202 3048 1235 3099 de
1259 3047 1367 3099 cunctis
1385 3046 1531 3101 indicanda

822 3136 895 3186 sunt.
945 3132 1075 3187 Montis
1104 3134 1217 3186 amant
1253 3133 1395 3199 cedrus,
1425 3135 1532 3204 larix,

822 3219 922 3272 taeda
947 3223 974 3272 at
998 3223 1100 3273 ceterae
1123 3235 1137 3272 e
1162 3219 1262 3287 quibus
1286 3219 1376 3272 resina
1400 3220 1530 3288 gignitur,

822 3306 888 3358 item
905 3305 1041 3374 aquifolia,
1066 3306 1194 3372 buxus,
1219 3304 1305 3372 ilex,
1327 3305 1528 3374 iunipirus,

823 3392 1064 3460 terebinthuS,
1089 3391 1213 3460 populus,
1239 3405 1329 3456 ornae,
1354 3391 1526 3458 carpinus.

822 3479 909 3531 estet
927 3479 955 3530 in
974 3479 1114 3548 Appenino
1132 3479 1227 3544 frutex,
1252 3477 1298 3544 qui
1323 3479 1435 3529 vocatur
1459 3478 1528 3530 coti-

822 3581 882 3629 nus‚
901 3565 933 3617 ad
952 3563 1097 3619 linamenta
1120 3565 1198 3619 modo
1223 3562 1350 3631 conchyli
1374 3564 1461 3616 colore
1484 3563 1527 3616 iu·

823 3651 917 3718 signis

894 3739 970 3802 §rh
1012 3739 1140 3791 montis
1170 3741 1204 3792 et
1232 3736 1339 3790 vallis
1367 3735 1528 3803 diligunt

823 3824 907 3886 abies,
931 3825 1019 3891 robur,
1044 3830 1190 3891 castaneae,
1215 3824 1281 3890 tilia,
1307 3824 1371 3890 ilex,
1393 3838 1527 3877 cornus

824 3911 933 3978 aquosis
969 3911 1106 3964 montibus
1143 3911 1258 3979 gaudent
1287 3926 1361 3977 acer,
1397 3909 1527 3978 fraxinus,

825 3997 929 4064 sorbus,
954 3997 1021 4064 tilia,
1048 4013 1163 4052 cerasus.
1200 4014 1252 4051 non
1278 4001 1377 4050 temere
1400 3997 1431 4049 in
1451 4013 1528 4050 mon-

824 4085 898 4137 tibus
926 4084 1001 4137 visae
1029 4087 1092 4137 sunt
1119 4100 1229 4151 prunus,
1256 4084 1377 4152 punicae,
1409 4081 1526 4148 oleastri,

825 4171 939 4239 iuglans,
957 4171 1034 4238 mori,
1052 4171 1153 4225 sabuci.
1181 4171 1348 4224 descendunt
1359 4172 1386 4223 et
1404 4170 1432 4221 in
1450 4169 1530 4237 plana

825 4274 932 4325 cornus,
944 4258 1062 4326 corylus,
1076 4273 1199 4327 quercus,
1212 4272 1302 4323 ornus,
1315 4272 1383 4323 acer,
1395 4255 1529 4323 fraxinus,

825 4346 958 4413 carpinus.
1007 4346 1124 4399 subeunt
1149 4350 1178 4399 et
1203 4345 1233 4396 in
1259 4345 1400 4397 montuosa
1426 4342 1527 4409 ulmus,

825 4432 912 4486 malus
937 4433 1021 4501 pirus,
1044 4433 1145 4498 lauruS,
1169 4434 1283 4500 myrtus,
1308 4431 1448 4498 sanguinei
1470 4430 1527 4482 sru-

826 4518 903 4586 tices,
930 4519 986 4572 ilex
1004 4519 1213 4587 tinguendisque
1240 4516 1362 4570 vestibus
1387 4518 1528 4570 nascentes

825 4606 954 4672 genistae.
991 4606 1089 4672 gaudet
1111 4605 1218 4672 frigidis
1241 4603 1356 4680 sorbuS,¹
1369 4604 1416 4657 sad
1440 4605 1527 4674 magis

824 4693 906 4745 etiam
923 4691 1030 4747 betulla.
