3292 5436
800 114 842 179 63

89 325 145 376 καὶ
178 322 276 394 τρίτη
306 318 324 393 ἠ
349 322 501 392 ποικίλη,
532 316 570 392 ἣν
592 318 631 392 δὴ
655 322 799 374 καλοῦσί

84 429 180 469 τινες
208 407 366 481 Θρᾳκίαν.
409 404 527 480 Ἑκάστη
551 409 579 462 δὲ
602 405 702 461 τούτων
727 408 800 461 δοκεῖ

84 497 232 569 διαφέρειν·
260 496 319 548 καί
341 493 389 567 γὰρ
414 499 472 565 τῆς
500 492 671 570 χλοώὸοος
695 491 712 566 ἠ
740 497 796 565 μὲν

85 585 281 655 λεπτοτέρα
307 583 352 635 καί
379 583 645 655 ρακροφύλλοτέρα
678 584 732 634 κοιὶ
760 582 797 635 ἔτι

85 670 410 741 πυκνοφολλοτέρα·
446 665 465 740 ἡ
502 663 645 740 δ’ἦττον
688 665 796 720 πάντα

84 753 180 810 ταῦτ’
197 757 330 831 ἔχουσα.
366 756 422 808 καί
443 760 502 826 τῆς
520 755 682 826 ποικίλης
700 752 717 827 ἠ
737 757 795 825 μὲν

86 846 218 916 μεῖζον,
249 839 267 914 ἠ
299 838 321 894 δ’
345 842 487 895 ἔλαττον
518 839 553 894 τὸ
584 839 709 914 φύλλον
739 843 796 894 καί

84 930 147 984 τὶν
167 931 344 983 ποικιλίαν
363 929 581 1001 διαφέρουσα.
613 925 750 988 Ὡσαύτως
768 929 796 982 δὲ

852 319 997 374 Thracia
1032 325 1186 377 vocatur.
1245 322 1432 376 etiamnum
1474 321 1560 374 her-

851 407 975 461 baceae
1005 409 1169 464 tenuiora
1197 410 1288 465 folia
1316 414 1345 463 et
1373 409 1402 462 in
1433 408 1555 461 ordinem

850 494 955 562 digesta
980 495 1225 565 densioraque.
1274 497 1308 550 in
1334 495 1404 549 alio
1431 510 1560 563 genere

850 580 1129 636 diversaomnia.

919 668 936 734 ξ
974 673 1030 726 150.
1089 669 1132 722 Et
1172 670 1205 722 in
1245 668 1460 723 versicolori
1502 667 1557 722 alia

848 755 1022 809 tenuioribus
1039 755 1113 810 foliis
1125 759 1154 809 et
1166 756 1293 810 similiter
1304 755 1434 810 ordinatis
1446 755 1555 809 densio-

848 840 978 909 ribusque
1013 846 1069 910 est,
1104 842 1182 896 alteri
1221 843 1312 911 generi
1342 842 1460 911 neglecta
1489 841 1557 895 haec

849 927 946 981 emnia.
969 929 1560 998 maioraquoqueautminorasunt

848 1012 1231 1083 foliamacularumque
1256 1016 1377 1069 habitu
1402 1017 1555 1083 distant,

848 1105 882 1155 et
898 1103 933 1154 in
951 1103 1114 1156 candidis
1137 1101 1206 1155 alia
1230 1105 1312 1156 eunt
1336 1103 1555 1157 candidiora,

85 1019 145 1071 καὶ
173 1016 213 1070 τὰ
239 1020 297 1088 τῆς
327 1016 450 1086 λευκῆς
479 1020 523 1086 τῷ
548 1014 652 1086 ρεχέίίει
681 1017 726 1068 καὶ
755 1020 794 1088 τῇ

85 1104 440 1179 χροιᾷόιαφέρούοιν.

195 1208 257 1272 Pro
280 1205 589 1292 ,‚paapoqoltors‘pa“‚
620 1208 706 1290 quod
732 1208 857 1272 codices
880 1208 1042 1293 praebent,
1074 1229 1147 1272 cum
1173 1209 1348 1273 Wimmero
1371 1210 1555 1273 secundum

89 1311 236 1376 Plinium
261 1310 526 1397 ,,τοξιρολλοτέρα“
550 1313 756 1375 scribendum
780 1332 851 1376 esse
873 1320 960 1396 puto.

197 1434 324 1498 Plinius
347 1454 461 1517 parum
487 1433 656 1517 diligenter
678 1434 884 1518 Theophrasti
907 1435 1004 1499 verba
1027 1436 1128 1499 vertit.
1173 1433 1260 1498 Dicit
1282 1438 1315 1498 in
1333 1454 1454 1518 paragr.
1472 1435 1556 1498 149:

89 1539 290 1620 „etiamnum
323 1537 497 1602 herbaceae
520 1540 666 1601 tenuiore
687 1537 762 1600 folia
784 1541 878 1615 etc.“,
906 1545 937 1602 ct
960 1544 1015 1619 „in
1038 1539 1099 1601 alia
1121 1559 1238 1624 genere
1262 1540 1387 1603 diversa
1409 1541 1557 1620 omnia“,

88 1641 215 1726 quibus
239 1640 343 1704 verbis
367 1642 500 1704 helicem
525 1641 712 1706 herbaceam
735 1643 791 1704 alii
814 1642 924 1706 helicis
952 1645 1062 1722 generi
1085 1663 1244 1728 opponere
1267 1645 1401 1709 videtur.
1452 1642 1557 1707 Theo-

87 1746 243 1831 phrastus
270 1752 379 1808 contra
402 1746 514 1810 helicis
536 1746 709 1810 herbaceae
732 1747 836 1830 ipsius
859 1747 1038 1830 complures
1073 1749 1195 1831 species
1219 1748 1398 1831 distinguit,
1427 1766 1552 1810 earum·

91 1869 159 1933 que
196 1849 326 1912 alteram
365 1850 544 1913 tenuiorem
581 1869 651 1914 esse
688 1858 719 1914 et
755 1851 839 1914 foliis
873 1852 1028 1914 ordinatis
1062 1863 1093 1915 et
1128 1852 1329 1915 densioribus
1363 1851 1554 1935 praeditam,

88 1952 224 2016 alteram
255 1954 365 2017 minus
388 1954 466 2016 haec
496 1956 604 2017 omnia
632 1954 748 2018 habere
780 1955 865 2019 dicit.
922 1955 1036 2019 Utrum
1072 1955 1251 2019 secundum
1287 1954 1430 2018 Plinium
1465 1955 1553 2037 apud

87 2055 345 2140 Theophrastum
368 2058 603 2122 restituendum
627 2059 668 2122 sit
690 2056 728 2142 ,ἡ
752 2057 804 2142 μὲν
828 2058 1100 2146 λεττορολλοτὲρα“
1128 2079 1170 2122 an
1194 2058 1321 2122 Plinius
1343 2060 1395 2121 hic
1419 2077 1553 2142 quoque

88 2180 207 2244 parum
231 2160 401 2244 diligenter
422 2160 629 2246 Theophrasti
652 2162 749 2227 verba
771 2163 894 2246 legerit,
917 2165 1065 2249 equidem
1089 2163 1210 2227 dubito.

197 2281 361 2346 Praeterea
377 2281 505 2347 Plinius
526 2285 636 2368 lapsus
659 2290 708 2348 est
729 2287 764 2348 in
788 2305 837 2367 eo,
862 2287 952 2369 quod
975 2306 1022 2367 ea,
1047 2305 1129 2368 quae
1143 2284 1378 2368 Theophrastus
1394 2284 1433 2348 de
1449 2283 1555 2348 helice

90 2383 248 2449 herbacea
282 2386 422 2469 praebet,
456 2388 495 2451 ad
529 2390 752 2453 versicolorem
790 2409 920 2472 quoque
951 2390 1114 2453 transtulit
1142 2390 1246 2471 deque
1277 2407 1314 2452 ea
1343 2388 1458 2451 iisdem
1488 2388 1557 2451 fere

89 2488 201 2553 verbis
223 2509 304 2554 usus
328 2491 405 2554 dicit
427 2492 519 2554 initio
542 2512 663 2576 paragr.
692 2492 761 2556 150.
809 2493 919 2557 Cetera
943 2495 1049 2557 omnia
1071 2494 1165 2577 plane
1188 2498 1379 2573 congruunt.

160 2624 211 2690 ΙΙΙ,
231 2630 272 2693 18,
291 2632 321 2686 8:
346 2625 587 2701 Εύοιοξεοτοίτη
612 2631 645 2684 δὲ
669 2626 687 2701 ἡ
710 2627 793 2683 ποώ-

85 2714 167 2784 δης,
186 2714 243 2767 καὶ
261 2715 314 2768 ἐπὶ
332 2716 491 2769 πλεῖστον
510 2721 686 2789 προιούσα.

160 2794 281 2873 Φανερὰν
305 2798 328 2854 δ’
341 2803 406 2856 εἷναί
425 2823 487 2875 φασι
505 2801 553 2875 τὴν
572 2800 797 2877 ἀτοκιττουρένην

87 2883 120 2941 ού
150 2884 230 2957 μόνον
257 2895 330 2948 τοῖς
358 2886 512 2962 φύλλοις,
548 2885 587 2944 ὅτι
615 2891 714 2962 μείζω
742 2894 798 2944 καὶ

84 2970 287 3048 πλατύτερα
312 2976 397 3050 ἔχει,
425 2972 492 3039 ἀλλὰ
518 2980 563 3031 καὶ
584 2985 638 3037 τοῖς
662 2978 796 3048 βλαστοῖς·

86 3056 193 3120 εὐθὺς
210 3063 269 3134 γὰρ
289 3057 411 3135 ὀρθούς
430 3065 516 3138 ἔχει,
534 3066 591 3117 καὶ
610 3059 672 3138 ούχ
691 3058 796 3136 ὥσπερ

84 3144 106 3219 ἠ
133 3148 235 3221 ἑτέρα
258 3153 588 3221 κατακεκαρρένούς
613 3152 657 3203 καὶ
681 3148 723 3203 διὰ
748 3148 796 3222 τὴν

85 3231 241 3306 λεπτότητα
260 3236 305 3288 καὶ
321 3232 363 3288 διὰ
376 3234 406 3289 τὸ
419 3243 511 3308 μῆκος.
542 3235 596 3308 Τῆς
614 3238 642 3291 δὲ
660 3235 797 3297 κιττώλους

85 3323 136 3375 καὶ
160 3319 317 3396 βραχύτεροι
340 3324 385 3376 καὶ
409 3319 561 3397 παχύτεροι.
600 3320 635 3377 Ὅ
657 3325 685 3377 δὲ
703 3322 796 3388 κιττὸς,

87 3403 156 3460 ὅταν
181 3402 294 3483 ἄρχηται
318 3416 498 3483 οτερροοχεῖν,
527 3413 698 3483 μετέωρον
724 3411 796 3485 ἔχει

86 3496 150 3547 καὶ
168 3489 269 3568 ὀρίίύν
288 3497 344 3550 τὸν
363 3495 518 3567 βλαστόν.

161 3672 186 3725 9.
214 3666 424 3742 Πολύρριζος
443 3673 501 3741 μὲν
520 3667 574 3725 οὖν
589 3666 796 3733 ἅπαςκιττὸς

84 3775 104 3808 κ
113 3756 149 3807 αὶ
162 3753 267 3809 πυκνό
274 3758 398 3829 ρριζος,
413 3761 635 3830 ουνεοτραμρένος
647 3765 703 3818 ταῖς
717 3760 797 3831 ῥίζαις

84 3844 136 3895 καὶ
155 3839 277 3902 ξυλώδεσι
295 3845 339 3897 καὶ
357 3848 487 3918 παχείαις,
506 3848 551 3899 καὶ
564 3841 612 3898 ούκ
625 3840 688 3916 ἄγαν
702 3843 796 3919 βαθύρ-

85 3930 174 4002 ριζος·
199 3931 245 3982 καί
272 3927 418 4001 μάλιστα
442 3927 496 3985 b'b
520 3933 637 4003 μέλας,
666 3935 711 3986 καὶ
738 3938 796 3987 τού

85 4017 215 4069 λευκοῦ
240 4013 253 4069 b
278 4015 441 4092 τραχύτατος
468 4020 513 4071 καὶ
540 4015 704 4092 ἀγριώτατος.
751 4018 797 4074 Διὸ

83 4103 136 4154 καί
165 4102 281 4176 χαλεπὸς
312 4102 496 4179 ταραφύεοθαι
530 4110 593 4159 πᾶσι
622 4113 693 4166 τοῖς
725 4107 796 4160 δέν-

85 4190 198 4260 δροις·
224 4186 393 4246 ἀπόλλυσι
411 4190 469 4264 γὰρ
488 4188 598 4245 πάντα
616 4195 672 4246 καὶ
691 4190 796 4266 ἀφαυ-

86 4275 194 4339 αίνει,
237 4276 515 4352 παραιρούμενος
556 4277 614 4350 τὴν
657 4278 796 4353 τροφήν.

85 4360 268 4433 Λοιμβάνει
287 4365 319 4435 be
337 4362 483 4437 μάλιστα
501 4362 610 4440 πάχος
630 4361 725 4427 οὗτος
742 4369 798 4421 καὶ

87 4445 362 4524 ἀποδενδροῦτοιι
389 4453 598 4524 καὶγίνεται
623 4449 703 4507 αύτὸ
732 4451 793 4509 καθ’

87 4532 156 4591 abab
179 4541 267 4592 κιττοῦ
291 4538 440 4612 δένδρον.
479 4535 526 4599 Ὡς
550 4535 575 4592 δ’
589 4541 630 4592 ἐπὶ
654 4538 684 4594 τὸ
708 4541 796 4594 πλεῖον

87 4621 132 4678 ἀεὶ
159 4622 223 4697 πρὸς
250 4626 332 4699 ἑτέρῳ
360 4627 430 4699 φιλεῖ
452 4629 497 4699 ζῆν
521 4628 566 4680 καὶ
584 4621 668 4700 ὥσπερ
688 4624 797 4681 ἐπαλλό-

85 4707 188 4764 καυλόν
207 4711 283 4764 ἐστιν.

923 2630 1125 2685 adulescit
1171 2629 1210 2683 in
1257 2629 1557 2698 longitudinem

850 2726 1004 2772 maxume
1022 2703 1201 2771 herbacea.

921 2807 1015 2873 §lau
1056 2806 1199 2859 arbores
1225 2806 1337 2857 autem
1364 2802 1464 2856 necat
1490 2817 1558 2855 can-

852 2891 914 2944 dida
955 2909 1157 2960 omnemque
1198 2907 1317 2946 sucum
1361 2888 1558 2942 auferendo

850 2981 944 3030 tanta
971 2979 1212 3032 crassitudine
1239 2978 1386 3044 augetur
1414 2980 1452 3027 ut
1478 2975 1559 3040 ipsa

850 3065 947 3118 arbor
972 3065 1046 3118 fiat.
1091 3065 1168 3132 signa
1194 3065 1254 3117 eius
1281 3061 1368 3116 folia
1395 3077 1559 3114 maxuma

849 3156 951 3219 atque
978 3152 1168 3218 latissima,
1201 3161 1330 3204 mammas
1363 3148 1557 3218 erigentis,

850 3252 935 3305 quae
962 3245 1047 3291 sunt
1070 3238 1201 3292 ceteris
1225 3237 1395 3303 inflexae,
1422 3239 1553 3292 racemi

849 3328 983 3378 stantes
1000 3341 1037 3378 ac
1055 3325 1220 3378 subrecti.
1255 3327 1284 3378 et
1301 3340 1464 3392 quamquem
1482 3341 1556 3378 om-

849 3411 945 3464 nium
980 3412 1186 3466 hederarum
1226 3412 1347 3480 generi
1390 3412 1559 3465 radicosa

850 3497 1029 3566 bracchia,
1051 3498 1134 3553 huic
1158 3505 1245 3552 tamon
1264 3514 1418 3551 maxume
1440 3513 1553 3563 ramosa,

849 3584 1076 3654 abeanigrae.

919 3673 935 3739 θ
956 3679 1014 3731 152.
1052 3673 1098 3726 sed
1117 3673 1253 3742 proprium
1272 3671 1353 3738 albae,
1373 3672 1444 3740 quod
1459 3672 1559 3725 inter

848 3760 961 3812 media
978 3759 1064 3813 folia
1082 3760 1217 3812 emittit
1236 3759 1396 3815 bracchia
1414 3759 1557 3826 utrimque

849 3862 954 3914 semper
976 3845 1207 3914 amplectens,
1234 3846 1298 3900 hoc
1320 3852 1353 3900 et
1375 3847 1409 3900 iu
1427 3846 1558 3911 muris,

850 3933 974 4002 quamvis
998 3933 1098 3986 ambire
1123 3949 1176 3987 non
1199 3934 1293 4000 possit.
1330 3935 1452 4001 itaque
1469 3932 1559 3987 etiam

848 4020 972 4089 pluribus
1002 4020 1069 4074 locis
1104 4021 1273 4074 intercisa
1308 4021 1404 4074 vivit
1439 4023 1551 4075 tamen

850 4111 1035 4175 duratque,
1054 4111 1082 4160 et
1100 4108 1211 4161 totidem
1230 4107 1309 4160 initia
1324 4108 1446 4160 radicum
1463 4106 1558 4172 habet,

849 4196 916 4262 quot
944 4193 1075 4258 bracchia,
1108 4195 1208 4263 quibus
1237 4193 1384 4248 incolumis
1413 4196 1441 4246 et
1467 4191 1554 4246 solida

849 4280 955 4334 arbores
973 4282 1094 4349 sagitae
1112 4282 1267 4349 strangulat.
1305 4284 1358 4334 est
1380 4281 1416 4334 in
1433 4282 1445 4334 f
1450 4281 1555 4333 ructu

850 4367 1057 4422 differentia
1075 4369 1170 4423 albae
1189 4370 1378 4438 nigraeque
1396 4368 1559 4431 hederae,

850 4454 1009 4522 quoniam
1027 4455 1112 4510 aliis
1130 4460 1221 4510 tauta
1237 4456 1429 4509 amaritudo
1447 4453 1556 4518 acini,

850 4545 886 4594 ut
903 4557 984 4595 aves
1003 4560 1067 4596 non
1086 4543 1272 4611 attingant.
