3292 5436
819 140 862 205 to

211 352 342 417 Plinius
366 353 446 435 quin
469 352 522 414 hio
544 350 761 434 Theophrasto
792 349 863 432 ipso
892 367 973 412 usus
1002 349 1055 431 sit,
1086 349 1237 433 equidem
1267 367 1336 411 non
1364 344 1497 428 dubito,
1525 345 1576 410 sed

107 476 175 522 non
198 458 295 542 plane
318 460 466 520 accurate
487 456 559 519 eius
581 453 680 519 verba
701 454 804 518 vertit.
848 451 935 516 Dicit
956 453 1043 516 enim
1065 453 1194 518 laricem
1217 456 1249 517 et
1271 451 1414 516 abietem
1430 451 1572 515 omnium

106 561 258 626 arborum
282 578 352 625 esse
375 558 548 624 altissimas
571 577 609 622 ac
631 559 836 639 rectissimas,
859 556 915 620 sed
930 557 1066 620 navium
1081 556 1173 621 malis
1193 557 1426 638 antemnisque
1449 559 1571 639 propter

106 667 271 731 levitatem
292 664 447 750 praeferri
469 662 640 744 abietem“,
663 681 739 726 cum
760 661 996 746 Theophrastus
1019 660 1105 725 dicat
1127 660 1264 724 abietem
1287 679 1359 724 esse
1382 659 1566 722 altissimum

51 760 55 777 '
107 775 139 834 et
159 771 386 851 rectissimam,
410 787 508 852 quam
530 766 571 830 ob
593 786 727 831 remex
749 785 787 830 ea
808 763 889 828 fiant
909 770 1080 828 antemnae
1102 765 1255 849 malique,
1277 769 1309 829 et
1327 765 1389 827 hoo
1406 763 1563 847 proprium

105 891 176 938 esse
198 873 313 938 abietis
335 891 450 936 rursus
473 871 611 937 decimet
640 870 759 952 verbis,
791 888 874 953 quae
896 872 1025 932 exstant
1045 871 1139 933 initio
1167 889 1291 954 paragr.
1313 868 1344 932 8.
1390 865 1561 932 Levitatem

71 986 74 999 '
104 976 218 1042 abietis
251 977 489 1061 Theophrastus
524 979 750 1040 commemorat
783 974 824 1057 V,
857 975 887 1054 7,
922 973 939 1036 1
976 972 1016 1036 ob
1045 991 1181 1056 eamque
1211 991 1280 1038 rem
1309 973 1394 1036 hanc
1428 970 1560 1034 arborem

103 1082 256 1165 optimam
288 1100 358 1146 esse
387 1082 428 1144 ad
459 1080 622 1144 faciendas
652 1081 797 1143 triremes
830 1083 862 1142 et
889 1095 989 1140 naves
1019 1076 1131 1162 longas
1161 1078 1248 1141 dicit.
1299 1076 1412 1161 Pergit
1445 1076 1560 1141 Plinius

106 1186 312 1267 „communia
333 1186 384 1248 his
406 1184 583 1269 pinoque“,
607 1203 690 1266 qnae
713 1182 880 1247 desumere
903 1183 1008 1265 potuit
1030 1200 1072 1245 ex
1094 1182 1302 1267 Theophrasti
1324 1181 1435 1246 verbis
1458 1176 1557 1258 „aaut

103 1288 186 1352 κοινά
209 1293 260 1373 της
283 1287 394 1373 πεύκης
416 1286 467 1352 καὶ
491 1285 597 1371 ἐλάτης
619 1284 671 1350 καὶ
685 1291 738 1350 τῶν
755 1281 880 1350 ducat
924 1286 965 1349 In
988 1287 1038 1350 his
1060 1286 1167 1350 verbis
1189 1287 1322 1352 offendit
1336 1285 1557 1363 Schneideruu,

103 1413 177 1457 cum
193 1394 272 1457 baec
288 1394 367 1457 dicit
382 1392 454 1475 (III,
469 1393 536 1474 rat:
554 1391 737 1474 „Equidem
752 1392 805 1454 hic
821 1389 940 1455 dubius
955 1392 1077 1472 haereo,
1093 1410 1158 1473 quo
1173 1390 1305 1455 referam
1321 1389 1341 1474 ἡ
1359 1390 1412 1476 μὲν
1429 1427 1472 1438 -
1487 1389 1506 1474 ἡ
1521 1386 1558 1453 δὲ

73 1510 75 1515 ’
103 1495 188 1561 Nam
218 1498 258 1561 ad
289 1495 422 1579 ,,πευ’κη“
446 1501 478 1560 et
499 1494 628 1578 ,,ἐλάτη“
657 1514 722 1558 non
753 1501 857 1579 potest
879 1500 1007 1579 propter
1028 1514 1167 1578 sequens
1198 1492 1266 1572 „aori
1288 1500 1343 1559 τῶν
1368 1491 1504 1560 ἄλλωνίίι
1533 1500 1560 1558 et
1603 1580 1605 1585 Ι

102 1603 249 1685 sequitur
284 1598 472 1685 ,τετραξύους
508 1598 560 1684 μὲν
597 1596 706 1670 decadi
763 1598 932 1663 Manifesto
970 1606 1077 1664 tamen
1114 1599 1217 1663 addit:
1253 1599 1323 1677 ,τὰς
1363 1598 1397 1663 δὲ
1428 1597 1555 1670 τοιαύτας
1602 1592 1605 1625 ²

104 1703 211 1776 ἐλάτας
241 1702 292 1768 καὶ
321 1703 432 1776 πεύκας
454 1702 623 1790 τετραξόους
653 1708 818 1768 καλαῦσικ“.
862 1703 965 1784 Igitur
993 1706 1028 1767 in
1058 1703 1164 1769 verbis
1193 1700 1262 1780 „aad
1291 1709 1346 1767 τῶν
1377 1707 1490 1769 ἐλατῶν
1516 1699 1560 1768 καὶ
1603 1726 1605 1755 ÷

102 1815 157 1872 τῶν
188 1804 307 1873 ἄλλων“
341 1811 457 1873 vitium
492 1812 577 1874 inest
610 1809 826 1873 manifestum.
879 1806 1044 1871 Sententia
1076 1806 1221 1891 flagitare
1253 1809 1383 1874 videtur
1416 1806 1487 1886 „acl
1513 1812 1559 1871 τῶν

103 1908 201 1977 ἄλλων
224 1919 279 1977 τῶν
302 1912 493 1999 ὁμογενῶν“.“
540 1912 672 1977 Codices
694 1913 826 1978 tradunt
847 1913 925 1975 haee
948 1911 1062 1976 verba:
1087 1909 1155 1989 „aad
1178 1909 1285 1995 ἐλάτης
1307 1909 1358 1976 καὶ
1381 1917 1437 1997 ruia
1459 1915 1556 1977 ἐλατιῖκ

102 2016 153 2081 καὶ
176 2013 301 2082 ἄλλωνίῑ.
346 2017 454 2082 Verba
486 2018 615 2095 ,ἐλαιῶν
642 2014 712 2081 καὶ“
742 2016 829 2080 Gaza
860 2018 967 2080 omisit
996 2021 1107 2079 utrum
1137 2017 1283 2080 consulto
1312 2037 1354 2080 an
1384 2017 1474 2100 quod
1503 2036 1558 2080 non

104 2123 181 2206 legit
203 2125 239 2185 in
262 2122 373 2186 codice
396 2141 466 2204 suo,
498 2122 619 2202 dubito,
650 2140 792 2203 eumque
815 2126 946 2184 secutus
969 2119 1183 2184 Schneiderus
1205 2121 1345 2185 seclusit.
1393 2120 1559 2186 Rectene

103 2227 235 2309 quidem
264 2225 382 2306 iudice,
414 2245 489 2288 nam
521 2230 605 2288 certe
628 2224 721 2286 nihili
745 2229 831 2306 sunt,
860 2243 967 2307 neque
991 2232 1068 2308 puto
1092 2225 1291 2289 emendanda
1318 2244 1391 2290 esse
1420 2223 1492 2302 ,καὶ
1513 2231 1560 2289 τῶν

102 2323 201 2393 ἄλλων
224 2334 279 2392 τῶν
303 2327 476 2413 ὁμογενῶκό,
508 2349 582 2392 nam
607 2329 695 2392 bunc
718 2348 850 2393 sensum
873 2348 925 2392 me
949 2329 1081 2412 quidem
1109 2329 1217 2393 iudice
1246 2329 1397 2412 praebere
1428 2336 1564 2414 possunt

104 2434 171 2497 sola
192 2435 290 2503 verba
321 2430 390 2510 ,καὶ
411 2437 467 2496 τῶν
491 2427 617 2510 ἄλλωνί,
647 2433 737 2497 nullo
761 2434 823 2496 alio
846 2432 1004 2496 vocabulo
1027 2433 1143 2497 addito.
1190 2433 1351 2516 Equidem
1386 2435 1504 2500 haereo
1531 2438 1563 2500 in

103 2538 221 2619 verbis,
255 2557 337 2621 quae
360 2544 515 2601 secuntur
537 2535 575 2621 ,ἡ
600 2534 652 2620 μὲν
774 2534 794 2620 ἡ
818 2535 851 2600 δὲ
873 2541 961 2599 κτλ.“.
1007 2536 1097 2602 Oerte
1126 2538 1205 2601 haec
1235 2537 1401 2602 referenda
1424 2547 1507 2605 sunt
1527 2540 1565 2604 ad

102 2640 239 2705 abietem
268 2649 300 2704 et
328 2643 457 2706 laricem
486 2649 518 2707 et
549 2651 681 2723 ceteras,
712 2641 768 2705 sed
796 2660 904 2704 nonne
936 2640 1102 2705 scribenda
1131 2643 1210 2706 siut:
1246 2638 1332 2720 ,Εἰσὶ
1362 2642 1419 2728 γὰρ
1452 2643 1485 2708 αἱ
1510 2642 1568 2729 μὲν

104 2743 259 2830 τετράξοοι,
292 2744 322 2808 αἱ
346 2743 379 2808 δὲ
401 2742 498 2822 bitom,
529 2745 559 2809 αἱ
583 2744 616 2809 δὲ
640 2744 799 2829 μονόξοοιίί,
831 2744 952 2808 dubito
998 2746 1081 2809 Nam
1103 2747 1181 2810 haec
1203 2747 1318 2811 melius
1341 2747 1508 2830 quadrant
1529 2749 1569 2812 ad

101 2853 170 2932 ,τῆς
201 2847 312 2932 πεύκης
340 2846 391 2911 καὶ
419 2848 525 2932 ἐλάτης
553 2848 603 2913 καὶ
633 2854 686 2912 τῶν
716 2843 842 2924 diluat
877 2854 908 2911 et
941 2854 1050 2931 postea
1084 2869 1209 2933 semper
1241 2870 1399 2915 numerus
1428 2852 1570 2934 pluralis

102 2958 222 3016 exstat:
251 2957 392 3029 ,καλοῦσι
415 2951 448 3015 δὲ
470 2953 640 3039 τετραξύους
763 2952 814 3023 τὰς
837 2949 870 3014 δὲ
892 2951 1029 3024 τοιαύτας
1052 2953 1159 3026 ἐλάτας
1186 2952 1238 3018 καὶ
1260 2953 1369 3027 πεύκας
1392 2956 1571 3042 τετραξύαυς

100 3061 338 3120 καλοῦσι·
362 3057 392 3120 αἱ
416 3054 505 3130 δίξαοι
527 3056 559 3121 δὲ
683 3054 835 3140 μανοξύαυς
858 3054 891 3119 δὲ
913 3061 1062 3120 καλούσιιί.
1108 3059 1169 3123 Sed
1198 3079 1254 3143 pro
1282 3066 1366 3140 certo
1395 3060 1458 3124 hoo
1494 3083 1571 3127 con-

104 3162 233 3225 tendere
255 3180 324 3223 non
346 3161 459 3224 audeo.

926 3245 1078 3312 „fabrorum
1115 3246 1143 3298 in
1174 3248 1303 3302 intestina
1332 3264 1412 3317 opera
1446 3251 1571 3306 medulla

857 3332 987 3386 sectilis“.

207 3454 296 3519 Haec
327 3475 393 3518 non
424 3458 552 3518 exstant
581 3452 668 3537 apud
690 3451 941 3537 Theophrastum
973 3462 1004 3519 et
1034 3456 1165 3520 aliunde
1199 3477 1268 3522 esse
1297 3459 1488 3526 intercalata
1517 3464 1566 3527 vel

105 3577 147 3622 ex
170 3578 207 3623 eo
229 3560 368 3643 adparet,
393 3558 478 3641 quod
503 3557 776 3621 continuationem
800 3560 953 3622 orationis
976 3559 1116 3623 turbant.

170 3712 203 3779 V,
223 3716 247 3780 1,
266 3717 291 3770 9.
334 3713 442 3766 καλοῦσι
466 3710 494 3765 rt
519 3708 725 3784 τιτραξόους
750 3715 804 3783 μὲν,
928 3715 1089 3782 „optuma
1108 3716 1385 3784 quadripertitis
1404 3723 1570 3776 materies

100 3794 171 3859 ὅσαις
185 3839 261 3853 .....
275 3800 341 3853 elci
360 3800 388 3853 δὲ
406 3800 451 3852 καὶ
469 3796 551 3871 πρὸς
569 3795 627 3858 τὰς
646 3798 805 3871 ἐργασίας
857 3802 885 3853 et
903 3801 1009 3857 mollior
1027 3819 1105 3872 quam
1124 3806 1252 3858 ceterae‘t.

100 3881 201 3941 αὗται
229 3883 426 3940 κάλλισται·
464 3880 613 3939 πυκνότατα
640 3882 688 3958 γὰρ
717 3886 805 3960 ἔχουσι

99 3971 248 4033 τὰξύλα.

210 4094 306 4175 Quid,
331 4094 417 4177 quod
442 4092 569 4157 l'liulus
593 4093 670 4157 dicit
686 4097 849 4160 materiem
867 4097 1167 4182 quadripertitarum
1184 4120 1254 4165 esse
1269 4101 1448 4167 molliorem
1464 4126 1562 4189 quam

108 4206 302 4280 ceterarum,
347 4196 582 4280 Theophrastus
620 4198 866 4283 quadripertitas
904 4202 1127 4267 densissimam
1165 4206 1328 4269 materiem
1373 4212 1565 4290 praestare?

100 4300 261 4384 Equidem
286 4307 364 4386 puto
388 4301 475 4363 hunc
499 4318 568 4365 osso
584 4319 720 4365 orroreur
737 4302 846 4386 Plinii,
870 4307 936 4388 qui,
960 4325 1034 4370 cum
1051 4309 1203 4389 studeret,
1228 4328 1311 4392 quae
1321 4308 1560 4395 Theophrastus

103 4404 241 4486 tradidit,
273 4405 306 4466 ia
330 4422 433 4488 pauca
457 4400 553 4468 vorbu
575 4407 768 4488 rarrrtrabere,
800 4426 838 4472 ea
868 4429 932 4491 qua
960 4418 1026 4475 erat
1055 4413 1214 4476 celeritate
1237 4420 1267 4477 et
1290 4413 1498 4498 neglegentia
1527 4422 1559 4482 in

103 4508 233 4573 utendis
249 4506 445 4585 auctoribus,
468 4506 507 4570 ud
526 4508 772 4592 qrrulriportitas
788 4510 867 4575 falso
882 4514 1013 4596 rettulit,
1038 4536 1120 4598 quae
1135 4515 1370 4601 Theophrastus
1393 4521 1435 4584 de
1453 4522 1561 4589 bifidis

98 4611 175 4675 dicit
202 4612 236 4674 in
264 4628 387 4695 prrrugr.
414 4610 467 4673 ill:
505 4612 553 4677 ..αἱ
586 4608 674 4685 ultro
705 4610 738 4676 δὲ
859 4612 1038 4682 ἁπαλώτατα
1072 4618 1124 4703 μὲν
1154 4614 1204 4685 oda
1234 4619 1326 4685 ταῦτά
1359 4648 1451 4709 φασιν
1482 4627 1566 4716 ἔχειν

96 4713 133 4778 τὰ
157 4712 256 4787 ξύλα“.
