<?xml version="1.0" encoding="UTF-8"?>
<!DOCTYPE html PUBLIC "-//W3C//DTD XHTML 1.0 Transitional//EN"
    "http://www.w3.org/TR/xhtml1/DTD/xhtml1-transitional.dtd">
<html xmlns="http://www.w3.org/1999/xhtml" xml:lang="en" lang="en">
 <head>
  <title>
</title>
<meta http-equiv="Content-Type" content="text/html;charset=utf-8" />
  <meta name='ocr-system' content='tesseract 3.04.00' />
  <meta name='ocr-capabilities' content='ocr_page ocr_carea ocr_par ocr_line ocrx_word'/>
</head>
<body>
  <div class='ocr_page' id='page_1' title='image "./derationequaein00renjgoog_0102.png"; bbox 0 0 3292 5436; ppageno 0'>
   <div class='ocr_carea' id='block_1_1' title="bbox 821 125 861 188">
    <p class='ocr_par' dir='ltr' id='par_1_1' title="bbox 821 125 861 188">
     <span class='ocr_line' id='line_1_1' title="bbox 821 125 861 188; baseline -0.025 0"><span class='ocrx_word' id='word_1_1' title='bbox 821 125 861 188; x_wconf 73' lang='lat'><strong>87</strong></span> 
     </span>
    </p>
   </div>
   <div class='ocr_carea' id='block_1_2' title="bbox 85 322 1571 917">
    <p class='ocr_par' dir='ltr' id='par_1_2' title="bbox 85 322 1571 917">
     <span class='ocr_line' id='line_1_2' title="bbox 176 322 892 401; baseline 0.007 -22"><span class='ocrx_word' id='word_1_2' title='bbox 176 325 214 393; x_wconf 85' lang='lat' dir='ltr'><strong>V,</strong></span> <span class='ocrx_word' id='word_1_3' title='bbox 240 333 265 392; x_wconf 85' lang='lat'><strong>7,</strong></span> <span class='ocrx_word' id='word_1_4' title='bbox 289 333 315 387; x_wconf 90' lang='lat'><strong>6.</strong></span> <span class='ocrx_word' id='word_1_5' title='bbox 353 323 535 401; x_wconf 74' lang='grc' dir='ltr'><strong>Ἀρκευθος</strong></span> <span class='ocrx_word' id='word_1_6' title='bbox 559 331 586 384; x_wconf 76' lang='grc' dir='ltr'><strong>δὲ</strong></span> <span class='ocrx_word' id='word_1_7' title='bbox 614 333 650 389; x_wconf 79' lang='grc' dir='ltr'><strong>εἰς</strong></span> <span class='ocrx_word' id='word_1_8' title='bbox 675 332 815 392; x_wconf 63' lang='lat' dir='ltr'><strong>carreriam,</strong></span> <span class='ocrx_word' id='word_1_9' title='bbox 889 322 892 327; x_wconf 38' lang='lat'>⁸</span> 
     </span>
     <span class='ocr_line' id='line_1_3' title="bbox 86 412 816 489; baseline 0.004 -21"><span class='ocrx_word' id='word_1_10' title='bbox 86 416 162 470; x_wconf 72' lang='lat' dir='ltr'><strong>aaut</strong></span> <span class='ocrx_word' id='word_1_11' title='bbox 181 416 234 475; x_wconf 74' lang='grc' dir='ltr'><strong>εἰς</strong></span> <span class='ocrx_word' id='word_1_12' title='bbox 221 412 489 488; x_wconf 73' lang='grc' dir='ltr'><strong><em>τὰὺπαίὸρια,</em></strong></span> <span class='ocrx_word' id='word_1_13' title='bbox 508 437 553 470; x_wconf 75' lang='lat' dir='ltr'><strong>aar</strong></span> <span class='ocrx_word' id='word_1_14' title='bbox 544 418 605 476; x_wconf 57' lang='lat' dir='ltr'><strong>rut</strong></span> <span class='ocrx_word' id='word_1_15' title='bbox 616 414 816 489; x_wconf 75' lang='grc' dir='ltr'><strong><em>τάκοτορυττό-</em></strong></span> 
     </span>
     <span class='ocr_line' id='line_1_4' title="bbox 88 498 815 575; baseline 0.001 -19"><span class='ocrx_word' id='word_1_16' title='bbox 88 522 172 575; x_wconf 66' lang='grc' dir='ltr'><strong>μινα</strong></span> <span class='ocrx_word' id='word_1_17' title='bbox 198 500 268 556; x_wconf 73' lang='grc' dir='ltr'><strong>κατὰ</strong></span> <span class='ocrx_word' id='word_1_18' title='bbox 292 507 339 573; x_wconf 74' lang='grc' dir='ltr'><strong>γῆ</strong></span> <span class='ocrx_word' id='word_1_19' title='bbox 363 501 405 556; x_wconf 77' lang='grc' dir='ltr'><strong>διὰ</strong></span> <span class='ocrx_word' id='word_1_20' title='bbox 429 522 458 556; x_wconf 84' lang='lat' dir='ltr'><strong>rc</strong></span> <span class='ocrx_word' id='word_1_21' title='bbox 485 498 591 562; x_wconf 77' lang='grc' dir='ltr'><strong>ἀταπές.</strong></span> <span class='ocrx_word' id='word_1_22' title='bbox 627 499 764 564; x_wconf 66' lang='grc' dir='ltr'><strong><em>Ωσαότως</em></strong></span> <span class='ocrx_word' id='word_1_23' title='bbox 787 505 815 558; x_wconf 75' lang='grc' dir='ltr'><strong>δὲ</strong></span> 
     </span>
     <span class='ocr_line' id='line_1_5' title="bbox 88 584 814 663; baseline 0.003 -21"><span class='ocrx_word' id='word_1_24' title='bbox 88 591 147 643; x_wconf 69' lang='lat' dir='ltr'><strong>‘arci</strong></span> <span class='ocrx_word' id='word_1_25' title='bbox 177 585 247 660; x_wconf 78' lang='grc' dir='ltr'>ἡ</span> <span class='ocrx_word' id='word_1_26' title='bbox 226 584 343 660; x_wconf 74' lang='grc' dir='ltr'>Ενβοῖκὴ</span> <span class='ocrx_word' id='word_1_27' title='bbox 369 586 468 662; x_wconf 67' lang='grc' dir='ltr'>καρύα,</span> <span class='ocrx_word' id='word_1_28' title='bbox 503 591 559 642; x_wconf 75' lang='grc' dir='ltr'><strong>καὶ</strong></span> <span class='ocrx_word' id='word_1_29' title='bbox 587 588 667 663; x_wconf 75' lang='grc' dir='ltr'>πρός</span> <span class='ocrx_word' id='word_1_30' title='bbox 693 611 727 662; x_wconf 74' lang='grc' dir='ltr'><strong>γε</strong></span> <span class='ocrx_word' id='word_1_31' title='bbox 755 588 814 663; x_wconf 81' lang='grc' dir='ltr'><strong>τὴν</strong></span> 
     </span>
     <span class='ocr_line' id='line_1_6' title="bbox 85 672 664 748; baseline -0.002 -17"><span class='ocrx_word' id='word_1_32' title='bbox 85 672 288 748; x_wconf 61' lang='grc' dir='ltr'><strong>κατόρυξτν</strong></span> <span class='ocrx_word' id='word_1_33' title='bbox 308 675 358 730; x_wconf 76' lang='grc' dir='ltr'><strong>ἔτι</strong></span> <span class='ocrx_word' id='word_1_34' title='bbox 376 672 537 747; x_wconf 82' lang='grc' dir='ltr'>μᾶλλον’</span> <span class='ocrx_word' id='word_1_35' title='bbox 524 696 664 748; x_wconf 61' lang='lat' dir='ltr'><strong>acuant.</strong></span> 
     </span>
     <span class='ocr_line' id='line_1_7' title="bbox 175 760 1571 832; baseline 0.005 -18"><span class='ocrx_word' id='word_1_36' title='bbox 175 761 286 815; x_wconf 82' lang='lat' dir='ltr'><strong>Vitruv.</strong></span> <span class='ocrx_word' id='word_1_37' title='bbox 309 760 353 827; x_wconf 91' lang='lat' dir='ltr'><strong>II,</strong></span> <span class='ocrx_word' id='word_1_38' title='bbox 380 768 410 819; x_wconf 87' lang='lat'>9.</span> <span class='ocrx_word' id='word_1_39' title='bbox 439 767 464 818; x_wconf 84' lang='lat'><strong>9;</strong></span> <span class='ocrx_word' id='word_1_40' title='bbox 512 761 653 828; x_wconf 84' lang='lat' dir='ltr'><strong>Carras,</strong></span> <span class='ocrx_word' id='word_1_41' title='bbox 689 778 814 831; x_wconf 88' lang='lat' dir='ltr'><strong>quercus,</strong></span> <span class='ocrx_word' id='word_1_42' title='bbox 936 764 1571 832; x_wconf 84' lang='lat' dir='ltr'><strong>faguseteerrusccleritermarces-</strong></span> 
     </span>
     <span class='ocr_line' id='line_1_8' title="bbox 88 848 957 917; baseline -0.002 -15"><span class='ocrx_word' id='word_1_43' title='bbox 88 848 210 917; x_wconf 77' lang='lat' dir='ltr'><strong>fagus</strong></span> <span class='ocrx_word' id='word_1_44' title='bbox 309 848 479 902; x_wconf 75' lang='lat' dir='ltr'><strong>celeriter</strong></span> <span class='ocrx_word' id='word_1_45' title='bbox 496 854 727 903; x_wconf 88' lang='lat' dir='ltr'><strong>marcescunt.</strong></span> <span class='ocrx_word' id='word_1_46' title='bbox 867 855 957 903; x_wconf 87' lang='lat' dir='ltr'><strong>cunt.</strong></span> 
     </span>
    </p>
   </div>
   <div class='ocr_carea' id='block_1_3' title="bbox 81 955 1571 1351">
    <p class='ocr_par' dir='ltr' id='par_1_3' title="bbox 81 955 1571 1351">
     <span class='ocr_line' id='line_1_9' title="bbox 216 955 1570 1042; baseline 0.004 -25"><span class='ocrx_word' id='word_1_47' title='bbox 216 955 326 1018; x_wconf 87' lang='lat' dir='ltr'><strong>Huius</strong></span> <span class='ocrx_word' id='word_1_48' title='bbox 348 956 536 1038; x_wconf 76' lang='lat' dir='ltr'><strong>paragraphi</strong></span> <span class='ocrx_word' id='word_1_49' title='bbox 559 955 657 1019; x_wconf 92' lang='lat' dir='ltr'><strong>altera</strong></span> <span class='ocrx_word' id='word_1_50' title='bbox 679 975 752 1038; x_wconf 92' lang='lat' dir='ltr'><strong>pars</strong></span> <span class='ocrx_word' id='word_1_51' title='bbox 775 975 816 1019; x_wconf 87' lang='lat' dir='ltr'><strong>ex</strong></span> <span class='ocrx_word' id='word_1_52' title='bbox 839 955 1064 1038; x_wconf 84' lang='lat' dir='ltr'><strong>Theophrasto,</strong></span> <span class='ocrx_word' id='word_1_53' title='bbox 1089 957 1185 1020; x_wconf 88' lang='lat' dir='ltr'><strong>altera</strong></span> <span class='ocrx_word' id='word_1_54' title='bbox 1208 976 1249 1020; x_wconf 82' lang='lat' dir='ltr'><strong>ex</strong></span> <span class='ocrx_word' id='word_1_55' title='bbox 1266 957 1417 1021; x_wconf 88' lang='lat' dir='ltr'><strong>Vitruvio</strong></span> <span class='ocrx_word' id='word_1_56' title='bbox 1442 967 1570 1042; x_wconf 89' lang='lat' dir='ltr'><strong>sumpta</strong></span> 
     </span>
     <span class='ocr_line' id='line_1_10' title="bbox 86 1058 1569 1145; baseline 0.003 -21"><span class='ocrx_word' id='word_1_57' title='bbox 86 1064 166 1125; x_wconf 76' lang='lat' dir='ltr'><strong>est.</strong></span> <span class='ocrx_word' id='word_1_58' title='bbox 215 1058 278 1123; x_wconf 87' lang='lat' dir='ltr'><strong>Sed</strong></span> <span class='ocrx_word' id='word_1_59' title='bbox 309 1059 396 1144; x_wconf 92' lang='lat' dir='ltr'><strong>apud</strong></span> <span class='ocrx_word' id='word_1_60' title='bbox 425 1066 575 1122; x_wconf 89' lang='lat' dir='ltr'><strong>neutrum</strong></span> <span class='ocrx_word' id='word_1_61' title='bbox 600 1061 693 1124; x_wconf 88' lang='lat' dir='ltr'><strong>certis</strong></span> <span class='ocrx_word' id='word_1_62' title='bbox 717 1058 822 1123; x_wconf 89' lang='lat' dir='ltr'><strong>verbis</strong></span> <span class='ocrx_word' id='word_1_63' title='bbox 847 1060 963 1123; x_wconf 88' lang='lat' dir='ltr'><strong>dieitur</strong></span> <span class='ocrx_word' id='word_1_64' title='bbox 985 1061 1068 1122; x_wconf 84' lang='lat' dir='ltr'><strong>larix</strong></span> <span class='ocrx_word' id='word_1_65' title='bbox 1092 1062 1125 1123; x_wconf 94' lang='lat' dir='ltr'><strong>in</strong></span> <span class='ocrx_word' id='word_1_66' title='bbox 1151 1080 1260 1125; x_wconf 90' lang='lat' dir='ltr'><strong>umore</strong></span> <span class='ocrx_word' id='word_1_67' title='bbox 1283 1063 1455 1145; x_wconf 89' lang='lat' dir='ltr'><strong>praecipua</strong></span> <span class='ocrx_word' id='word_1_68' title='bbox 1483 1082 1569 1137; x_wconf 80' lang='lat' dir='ltr'><strong>esse3</strong></span> 
     </span>
     <span class='ocr_line' id='line_1_11' title="bbox 81 1161 1571 1249; baseline 0.003 -23"><span class='ocrx_word' id='word_1_69' title='bbox 81 1162 243 1226; x_wconf 72' lang='lat' dir='ltr'><strong>fortasse</strong></span> <span class='ocrx_word' id='word_1_70' title='bbox 267 1161 394 1226; x_wconf 87' lang='lat' dir='ltr'>Plinius</span> <span class='ocrx_word' id='word_1_71' title='bbox 423 1164 485 1226; x_wconf 91' lang='lat' dir='ltr'><strong>hoo</strong></span> <span class='ocrx_word' id='word_1_72' title='bbox 516 1182 556 1227; x_wconf 86' lang='lat' dir='ltr'><strong>ex</strong></span> <span class='ocrx_word' id='word_1_73' title='bbox 589 1184 626 1227; x_wconf 92' lang='lat' dir='ltr'><strong>eo</strong></span> <span class='ocrx_word' id='word_1_74' title='bbox 654 1165 828 1245; x_wconf 81' lang='lat' dir='ltr'><strong>concludit,</strong></span> <span class='ocrx_word' id='word_1_75' title='bbox 860 1163 946 1246; x_wconf 89' lang='lat' dir='ltr'><strong>quod</strong></span> <span class='ocrx_word' id='word_1_76' title='bbox 974 1164 1209 1249; x_wconf 86' lang='lat' dir='ltr'><strong>Theophrastus</strong></span> <span class='ocrx_word' id='word_1_77' title='bbox 1242 1165 1461 1249; x_wconf 85' lang='lat' dir='ltr'><strong>compluribus</strong></span> <span class='ocrx_word' id='word_1_78' title='bbox 1492 1168 1571 1231; x_wconf 88' lang='lat' dir='ltr'><strong>locis</strong></span> 
     </span>
     <span class='ocr_line' id='line_1_12' title="bbox 88 1266 1567 1351; baseline 0 -22"><span class='ocrx_word' id='word_1_79' title='bbox 88 1266 235 1350; x_wconf 85' lang='lat' dir='ltr'><strong>lignum</strong></span> <span class='ocrx_word' id='word_1_80' title='bbox 260 1266 378 1347; x_wconf 90' lang='lat' dir='ltr'><strong>laricis,</strong></span> <span class='ocrx_word' id='word_1_81' title='bbox 403 1267 489 1349; x_wconf 89' lang='lat' dir='ltr'><strong>quod</strong></span> <span class='ocrx_word' id='word_1_82' title='bbox 514 1287 578 1332; x_wconf 87' lang='lat' dir='ltr'><strong>non</strong></span> <span class='ocrx_word' id='word_1_83' title='bbox 602 1273 772 1351; x_wconf 90' lang='lat' dir='ltr'><strong>putrescat,</strong></span> <span class='ocrx_word' id='word_1_84' title='bbox 797 1286 891 1350; x_wconf 87' lang='lat' dir='ltr'><strong>saepe</strong></span> <span class='ocrx_word' id='word_1_85' title='bbox 913 1267 1057 1331; x_wconf 89' lang='lat' dir='ltr'><strong>adhiberi</strong></span> <span class='ocrx_word' id='word_1_86' title='bbox 1083 1269 1123 1331; x_wconf 95' lang='lat' dir='ltr'><strong>ad</strong></span> <span class='ocrx_word' id='word_1_87' title='bbox 1140 1287 1238 1333; x_wconf 85' lang='lat' dir='ltr'><strong>naves</strong></span> <span class='ocrx_word' id='word_1_88' title='bbox 1254 1268 1467 1334; x_wconf 87' lang='lat' dir='ltr'><strong>aedificandas</strong></span> <span class='ocrx_word' id='word_1_89' title='bbox 1484 1271 1567 1334; x_wconf 69' lang='lat' dir='ltr'><strong>dicit,</strong></span> 
     </span>
    </p>
   </div>
   <div class='ocr_carea' id='block_1_4' title="bbox 62 1386 1625 4836">
    <p class='ocr_par' dir='ltr' id='par_1_4' title="bbox 67 1386 1625 1715">
     <span class='ocr_line' id='line_1_13' title="bbox 178 1386 1625 1458; baseline 0.003 -19"><span class='ocrx_word' id='word_1_90' title='bbox 178 1386 288 1440; x_wconf 86' lang='lat' dir='ltr'><strong>Vitrnv.</strong></span> <span class='ocrx_word' id='word_1_91' title='bbox 304 1386 341 1454; x_wconf 92' lang='lat' dir='ltr'><strong>Il,</strong></span> <span class='ocrx_word' id='word_1_92' title='bbox 360 1393 385 1454; x_wconf 87' lang='lat'><strong>9,</strong></span> <span class='ocrx_word' id='word_1_93' title='bbox 404 1392 428 1446; x_wconf 83' lang='lat'>9.</span> <span class='ocrx_word' id='word_1_94' title='bbox 465 1387 814 1442; x_wconf 72' lang='lat' dir='ltr'><strong>Aesculusrero....</strong></span> <span class='ocrx_word' id='word_1_95' title='bbox 938 1387 1038 1454; x_wconf 68' lang='lat'>4219.</span> <span class='ocrx_word' id='word_1_96' title='bbox 1081 1388 1247 1442; x_wconf 83' lang='lat' dir='ltr'><strong>aesculus</strong></span> <span class='ocrx_word' id='word_1_97' title='bbox 1275 1405 1410 1458; x_wconf 88' lang='lat' dir='ltr'><strong>quoque</strong></span> <span class='ocrx_word' id='word_1_98' title='bbox 1437 1389 1570 1444; x_wconf 88' lang='lat' dir='ltr'><strong>umoris</strong></span> <span class='ocrx_word' id='word_1_99' title='bbox 1621 1392 1625 1399; x_wconf 88' lang='lat'>&#39;</span> 
     </span>
     <span class='ocr_line' id='line_1_14' title="bbox 83 1473 1569 1542; baseline -0.001 -13"><span class='ocrx_word' id='word_1_100' title='bbox 83 1473 814 1542; x_wconf 69' lang='lat' dir='ltr'><strong>cuminhumoracollocatnr,...epotatione</strong></span> <span class='ocrx_word' id='word_1_101' title='bbox 868 1474 1068 1542; x_wconf 87' lang='lat' dir='ltr'><strong>impatiens.</strong></span> <span class='ocrx_word' id='word_1_102' title='bbox 1107 1479 1228 1529; x_wconf 90' lang='lat' dir='ltr'><strong>contra</strong></span> <span class='ocrx_word' id='word_1_103' title='bbox 1252 1475 1374 1528; x_wconf 90' lang='lat' dir='ltr'><strong>adacta</strong></span> <span class='ocrx_word' id='word_1_104' title='bbox 1392 1475 1425 1527; x_wconf 91' lang='lat' dir='ltr'><strong>in</strong></span> <span class='ocrx_word' id='word_1_105' title='bbox 1445 1478 1569 1529; x_wconf 89' lang='lat' dir='ltr'><strong>terram</strong></span> 
     </span>
     <span class='ocr_line' id='line_1_15' title="bbox 88 1559 1570 1629; baseline 0.001 -15"><span class='ocrx_word' id='word_1_106' title='bbox 88 1559 273 1615; x_wconf 80' lang='lat' dir='ltr'><strong>humidae</strong></span> <span class='ocrx_word' id='word_1_107' title='bbox 290 1561 485 1627; x_wconf 81' lang='lat' dir='ltr'><strong>potcstatis</strong></span> <span class='ocrx_word' id='word_1_108' title='bbox 506 1560 665 1614; x_wconf 88' lang='lat' dir='ltr'><strong>vitiatur.</strong></span> <span class='ocrx_word' id='word_1_109' title='bbox 868 1561 902 1613; x_wconf 92' lang='lat' dir='ltr'><strong>in</strong></span> <span class='ocrx_word' id='word_1_110' title='bbox 921 1561 1145 1629; x_wconf 88' lang='lat' dir='ltr'><strong>palustribus</strong></span> <span class='ocrx_word' id='word_1_111' title='bbox 1163 1560 1259 1615; x_wconf 86' lang='lat' dir='ltr'><strong>alnus</strong></span> <span class='ocrx_word' id='word_1_112' title='bbox 1277 1564 1418 1615; x_wconf 89' lang='lat' dir='ltr'><strong>aeterna</strong></span> <span class='ocrx_word' id='word_1_113' title='bbox 1436 1562 1570 1615; x_wconf 87' lang='lat' dir='ltr'><strong>oneris·</strong></span> 
     </span>
     <span class='ocr_line' id='line_1_16' title="bbox 67 1647 1337 1715; baseline -0.004 -12"><span class='ocrx_word' id='word_1_114' title='bbox 67 1696 70 1703; x_wconf 95' lang='lat'>.</span> <span class='ocrx_word' id='word_1_115' title='bbox 178 1652 221 1705; x_wconf 86' lang='lat' dir='ltr'><strong>lo.</strong></span> <span class='ocrx_word' id='word_1_116' title='bbox 270 1647 379 1701; x_wconf 88' lang='lat' dir='ltr'><strong>Alnus</strong></span> <span class='ocrx_word' id='word_1_117' title='bbox 527 1649 561 1700; x_wconf 92' lang='lat' dir='ltr'><strong>in</strong></span> <span class='ocrx_word' id='word_1_118' title='bbox 590 1647 814 1714; x_wconf 86' lang='lat' dir='ltr'><strong>palustribus</strong></span> <span class='ocrx_word' id='word_1_119' title='bbox 868 1664 931 1715; x_wconf 87' lang='lat' dir='ltr'><strong>quc</strong></span> <span class='ocrx_word' id='word_1_120' title='bbox 950 1647 1170 1714; x_wconf 89' lang='lat' dir='ltr'><strong>quantilibet</strong></span> <span class='ocrx_word' id='word_1_121' title='bbox 1188 1648 1337 1714; x_wconf 90' lang='lat' dir='ltr'><strong>patiens.</strong></span> 
     </span>
    </p>

    <p class='ocr_par' dir='ltr' id='par_1_5' title="bbox 62 1732 1569 4836">
     <span class='ocr_line' id='line_1_17' title="bbox 66 1732 813 1795; baseline -0.003 -7"><span class='ocrx_word' id='word_1_122' title='bbox 66 1732 197 1795; x_wconf 54' lang='lat' dir='ltr'><strong>,locis</strong></span> <span class='ocrx_word' id='word_1_123' title='bbox 231 1733 324 1786; x_wconf 85' lang='lat' dir='ltr'><strong>inira</strong></span> <span class='ocrx_word' id='word_1_124' title='bbox 354 1734 576 1788; x_wconf 84' lang='lat' dir='ltr'><strong>fundamenta</strong></span> <span class='ocrx_word' id='word_1_125' title='bbox 602 1735 677 1787; x_wconf 86' lang='lat' dir='ltr'><strong>lixa</strong></span> <span class='ocrx_word' id='word_1_126' title='bbox 702 1773 813 1788; x_wconf 83' lang='grc'><strong>.....</strong></span> 
     </span>
     <span class='ocr_line' id='line_1_18' title="bbox 66 1802 814 1889; baseline 0.003 -15"><span class='ocrx_word' id='word_1_127' title='bbox 66 1802 74 1885; x_wconf 61' lang='lat'><strong>,⁸</strong></span> <span class='ocrx_word' id='word_1_128' title='bbox 96 1822 285 1889; x_wconf 82' lang='lat' dir='ltr'><strong>permanet</strong></span> <span class='ocrx_word' id='word_1_129' title='bbox 303 1820 505 1874; x_wconf 89' lang='lat' dir='ltr'><strong>immortalis</strong></span> <span class='ocrx_word' id='word_1_130' title='bbox 523 1821 561 1875; x_wconf 90' lang='lat' dir='ltr'><strong>ad</strong></span> <span class='ocrx_word' id='word_1_131' title='bbox 579 1823 814 1876; x_wconf 89' lang='lat' dir='ltr'><strong>aeternitatem</strong></span> 
     </span>
     <span class='ocr_line' id='line_1_19' title="bbox 66 1907 813 1975; baseline 0.004 -15"><span class='ocrx_word' id='word_1_132' title='bbox 66 1909 134 1973; x_wconf 62' lang='lat' dir='ltr'><strong>:et</strong></span> <span class='ocrx_word' id='word_1_133' title='bbox 161 1908 323 1960; x_wconf 88' lang='lat' dir='ltr'><strong>sustinet</strong></span> <span class='ocrx_word' id='word_1_134' title='bbox 351 1907 514 1961; x_wconf 88' lang='lat' dir='ltr'><strong>immania</strong></span> <span class='ocrx_word' id='word_1_135' title='bbox 544 1908 695 1975; x_wconf 89' lang='lat' dir='ltr'><strong>pondera</strong></span> <span class='ocrx_word' id='word_1_136' title='bbox 725 1913 813 1963; x_wconf 91' lang='lat' dir='ltr'><strong>struo-</strong></span> 
     </span>
     <span class='ocr_line' id='line_1_20' title="bbox 66 1978 570 2075; baseline -0.006 -28"><span class='ocrx_word' id='word_1_137' title='bbox 66 1978 183 2075; x_wconf 58' lang='lat' dir='ltr'><strong>}tnrae</strong></span> <span class='ocrx_word' id='word_1_138' title='bbox 201 1995 230 2046; x_wconf 93' lang='lat' dir='ltr'><strong>et</strong></span> <span class='ocrx_word' id='word_1_139' title='bbox 247 1993 306 2047; x_wconf 90' lang='lat' dir='ltr'><strong>sine</strong></span> <span class='ocrx_word' id='word_1_140' title='bbox 324 1994 403 2047; x_wconf 76' lang='lat' dir='ltr'><strong>vitiis</strong></span> <span class='ocrx_word' id='word_1_141' title='bbox 422 1999 570 2048; x_wconf 88' lang='lat' dir='ltr'><strong>conservat.</strong></span> 
     </span>
     <span class='ocr_line' id='line_1_21' title="bbox 66 2079 1145 2149; baseline 0.001 -16"><span class='ocrx_word' id='word_1_142' title='bbox 66 2090 84 2133; x_wconf 69' lang='lat' dir='ltr'><strong>t</strong></span> <span class='ocrx_word' id='word_1_143' title='bbox 176 2079 251 2134; x_wconf 86' lang='lat' dir='ltr'><strong>Haec</strong></span> <span class='ocrx_word' id='word_1_144' title='bbox 268 2095 402 2149; x_wconf 82' lang='lat' dir='ltr'><strong>nusquam</strong></span> <span class='ocrx_word' id='word_1_145' title='bbox 421 2081 522 2134; x_wconf 89' lang='lat' dir='ltr'><strong>inveni.</strong></span> <span class='ocrx_word' id='word_1_146' title='bbox 936 2097 1044 2134; x_wconf 86' lang='lat' dir='ltr'><strong>cerasus</strong></span> <span class='ocrx_word' id='word_1_147' title='bbox 1061 2081 1145 2148; x_wconf 89' lang='lat' dir='ltr'><strong>firma,</strong></span> 
     </span>
     <span class='ocr_line' id='line_1_22' title="bbox 66 2134 1569 2233; baseline -0.003 -9"><span class='ocrx_word' id='word_1_148' title='bbox 66 2134 89 2233; x_wconf 52' lang='lat' dir='ltr'><strong>P</strong></span> <span class='ocrx_word' id='word_1_149' title='bbox 178 2171 220 2226; x_wconf 92' lang='lat'>11.</span> <span class='ocrx_word' id='word_1_150' title='bbox 258 2166 380 2220; x_wconf 86' lang='lat' dir='ltr'><strong>Ulmus</strong></span> <span class='ocrx_word' id='word_1_151' title='bbox 403 2171 534 2222; x_wconf 86' lang='lat' dir='ltr'><strong>voroet</strong></span> <span class='ocrx_word' id='word_1_152' title='bbox 552 2168 713 2222; x_wconf 83' lang='lat' dir='ltr'><strong>fraxinus</strong></span> <span class='ocrx_word' id='word_1_153' title='bbox 732 2174 813 2223; x_wconf 88' lang='lat' dir='ltr'><strong>sunt</strong></span> <span class='ocrx_word' id='word_1_154' title='bbox 936 2168 1049 2221; x_wconf 91' lang='lat' dir='ltr'><strong>ulmus</strong></span> <span class='ocrx_word' id='word_1_155' title='bbox 1082 2173 1116 2222; x_wconf 92' lang='lat' dir='ltr'><strong>et</strong></span> <span class='ocrx_word' id='word_1_156' title='bbox 1146 2169 1307 2222; x_wconf 83' lang='lat' dir='ltr'><strong>fraxinus</strong></span> <span class='ocrx_word' id='word_1_157' title='bbox 1343 2166 1474 2225; x_wconf 81' lang='lat' dir='ltr'><strong>lentae.</strong></span> <span class='ocrx_word' id='word_1_158' title='bbox 1510 2168 1569 2220; x_wconf 89' lang='lat' dir='ltr'><strong>sed</strong></span> 
     </span>
     <span class='ocr_line' id='line_1_23' title="bbox 66 2238 1569 2331; baseline 0 -25"><span class='ocrx_word' id='word_1_159' title='bbox 66 2238 167 2331; x_wconf 90' lang='grc' dir='ltr'><strong>Ξ..</strong></span> <span class='ocrx_word' id='word_1_160' title='bbox 187 2256 218 2306; x_wconf 86' lang='lat' dir='ltr'><strong>in</strong></span> <span class='ocrx_word' id='word_1_161' title='bbox 245 2254 384 2320; x_wconf 77' lang='lat' dir='ltr'><strong>operibus,</strong></span> <span class='ocrx_word' id='word_1_162' title='bbox 410 2270 472 2307; x_wconf 92' lang='lat' dir='ltr'><strong>cum</strong></span> <span class='ocrx_word' id='word_1_163' title='bbox 497 2255 660 2308; x_wconf 83' lang='lat' dir='ltr'><strong>fabricantur</strong></span> <span class='ocrx_word' id='word_1_164' title='bbox 683 2257 812 2321; x_wconf 90' lang='lat' dir='ltr'><strong>lentae,</strong></span> <span class='ocrx_word' id='word_1_165' title='bbox 867 2254 966 2307; x_wconf 86' lang='lat' dir='ltr'><strong>facile</strong></span> <span class='ocrx_word' id='word_1_166' title='bbox 987 2255 1185 2319; x_wconf 82' lang='lat' dir='ltr'><strong>pandantur,</strong></span> <span class='ocrx_word' id='word_1_167' title='bbox 1199 2255 1304 2308; x_wconf 84' lang='lat' dir='ltr'><strong>flexiles</strong></span> <span class='ocrx_word' id='word_1_168' title='bbox 1317 2257 1569 2307; x_wconf 88' lang='lat' dir='ltr'><strong>tarnenstantes-</strong></span> 
     </span>
     <span class='ocr_line' id='line_1_24' title="bbox 65 2338 1569 2447; baseline -0.001 -53.999"><span class='ocrx_word' id='word_1_169' title='bbox 65 2348 165 2447; x_wconf 85' lang='grc' dir='ltr'><strong>Ε....</strong></span> <span class='ocrx_word' id='word_1_170' title='bbox 187 2341 245 2393; x_wconf 86' lang='lat' dir='ltr'><strong>sed</strong></span> <span class='ocrx_word' id='word_1_171' title='bbox 264 2338 433 2393; x_wconf 82' lang='lat' dir='ltr'><strong>celeriter</strong></span> <span class='ocrx_word' id='word_1_172' title='bbox 451 2341 601 2408; x_wconf 90' lang='lat' dir='ltr'><strong>pandant.</strong></span> <span class='ocrx_word' id='word_1_173' title='bbox 630 2341 813 2394; x_wconf 81' lang='lat' dir='ltr'><strong>simulantem</strong></span> <span class='ocrx_word' id='word_1_174' title='bbox 867 2357 929 2408; x_wconf 91' lang='lat' dir='ltr'><strong>que</strong></span> <span class='ocrx_word' id='word_1_175' title='bbox 959 2358 974 2392; x_wconf 87' lang='lat' dir='ltr'><strong>a</strong></span> <span class='ocrx_word' id='word_1_176' title='bbox 1003 2341 1260 2393; x_wconf 79' lang='lat' dir='ltr'><strong>circumcisura</strong></span> <span class='ocrx_word' id='word_1_177' title='bbox 1290 2341 1444 2393; x_wconf 87' lang='lat' dir='ltr'><strong>siccatae</strong></span> <span class='ocrx_word' id='word_1_178' title='bbox 1477 2340 1569 2393; x_wconf 85' lang='lat' dir='ltr'><strong>iide-</strong></span> 
     </span>
     <span class='ocr_line' id='line_1_25' title="bbox 65 2410 983 2501; baseline -0.007 -18"><span class='ocrx_word' id='word_1_179' title='bbox 65 2410 243 2501; x_wconf 51' lang='lat' dir='ltr'><strong>vetustate</strong></span> <span class='ocrx_word' id='word_1_180' title='bbox 262 2429 326 2479; x_wconf 90' lang='lat' dir='ltr'><strong>sun</strong></span> <span class='ocrx_word' id='word_1_181' title='bbox 342 2427 461 2479; x_wconf 92' lang='lat' dir='ltr'><strong>aridae</strong></span> <span class='ocrx_word' id='word_1_182' title='bbox 481 2428 591 2479; x_wconf 85' lang='lat' dir='ltr'><strong>factae</strong></span> <span class='ocrx_word' id='word_1_183' title='bbox 615 2429 712 2479; x_wconf 89' lang='lat' dir='ltr'><strong>autin</strong></span> <span class='ocrx_word' id='word_1_184' title='bbox 733 2444 813 2496; x_wconf 89' lang='lat' dir='ltr'><strong>agro</strong></span> <span class='ocrx_word' id='word_1_185' title='bbox 866 2425 983 2480; x_wconf 90' lang='lat' dir='ltr'><strong>liores.</strong></span> 
     </span>
     <span class='ocr_line' id='line_1_26' title="bbox 65 2506 814 2603; baseline -0.001 -36"><span class='ocrx_word' id='word_1_186' title='bbox 65 2506 327 2603; x_wconf 52' lang='lat' dir='ltr'><strong>ffjpraesectaa,</strong></span> <span class='ocrx_word' id='word_1_187' title='bbox 369 2513 427 2580; x_wconf 88' lang='lat' dir='ltr'><strong>qui</strong></span> <span class='ocrx_word' id='word_1_188' title='bbox 470 2512 565 2565; x_wconf 85' lang='lat' dir='ltr'><strong>inest</strong></span> <span class='ocrx_word' id='word_1_189' title='bbox 605 2514 656 2567; x_wconf 90' lang='lat' dir='ltr'><strong>eis</strong></span> <span class='ocrx_word' id='word_1_190' title='bbox 697 2514 814 2582; x_wconf 89' lang='lat' dir='ltr'><strong>liquor</strong></span> 
     </span>
     <span class='ocr_line' id='line_1_27' title="bbox 65 2596 813 2698; baseline -0.001 -43"><span class='ocrx_word' id='word_1_191' title='bbox 65 2596 204 2698; x_wconf 48' lang='lat' dir='ltr'><strong>patant</strong></span> <span class='ocrx_word' id='word_1_192' title='bbox 210 2599 305 2662; x_wconf 82' lang='lat' dir='ltr'><strong>ibus.</strong></span> <span class='ocrx_word' id='word_1_193' title='bbox 339 2599 521 2666; x_wconf 86' lang='lat' dir='ltr'><strong>emoritur,</strong></span> <span class='ocrx_word' id='word_1_194' title='bbox 556 2600 652 2653; x_wconf 82' lang='lat' dir='ltr'><strong>fiunt</strong></span> <span class='ocrx_word' id='word_1_195' title='bbox 641 2604 722 2670; x_wconf 87' lang='lat' dir='ltr'><strong>tque</strong></span> <span class='ocrx_word' id='word_1_196' title='bbox 753 2602 813 2654; x_wconf 93' lang='lat' dir='ltr'><strong>du-</strong></span> 
     </span>
     <span class='ocr_line' id='line_1_28' title="bbox 96 2703 227 2742; baseline -0.008 0"><span class='ocrx_word' id='word_1_197' title='bbox 96 2703 227 2742; x_wconf 82' lang='lat' dir='ltr'><strong>noros.</strong></span> 
     </span>
     <span class='ocr_line' id='line_1_29' title="bbox 65 2700 1569 2848; baseline 0.002 -23"><span class='ocrx_word' id='word_1_198' title='bbox 65 2700 97 2845; x_wconf 58' lang='lat' dir='ltr'><strong>T·</strong></span> <span class='ocrx_word' id='word_1_199' title='bbox 182 2774 213 2840; x_wconf 89' lang='lat' dir='ltr'>V</span> <span class='ocrx_word' id='word_1_200' title='bbox 240 2780 273 2840; x_wconf 93' lang='lat'><strong>4,</strong></span> <span class='ocrx_word' id='word_1_201' title='bbox 300 2779 325 2830; x_wconf 93' lang='lat'><strong>4.</strong></span> <span class='ocrx_word' id='word_1_202' title='bbox 361 2772 486 2827; x_wconf 77' lang='grc' dir='ltr'>Φασὶόὲ</span> <span class='ocrx_word' id='word_1_203' title='bbox 514 2776 608 2827; x_wconf 84' lang='grc' dir='ltr'><strong>καὶ</strong></span> <span class='ocrx_word' id='word_1_204' title='bbox 596 2773 654 2846; x_wconf 80' lang='grc' dir='ltr'><strong>τὴν</strong></span> <span class='ocrx_word' id='word_1_205' title='bbox 685 2796 723 2829; x_wconf 80' lang='grc' dir='ltr'><strong>πε</strong></span> <span class='ocrx_word' id='word_1_206' title='bbox 711 2773 813 2848; x_wconf 60' lang='lat' dir='ltr'><strong>dana</strong></span> <span class='ocrx_word' id='word_1_207' title='bbox 937 2776 1082 2830; x_wconf 87' lang='lat' dir='ltr'><strong>laricem</strong></span> <span class='ocrx_word' id='word_1_208' title='bbox 1118 2776 1152 2829; x_wconf 92' lang='lat' dir='ltr'><strong>in</strong></span> <span class='ocrx_word' id='word_1_209' title='bbox 1187 2775 1376 2829; x_wconf 82' lang='lat' dir='ltr'><strong>maritimis</strong></span> <span class='ocrx_word' id='word_1_210' title='bbox 1418 2776 1569 2830; x_wconf 85' lang='lat' dir='ltr'><strong>navibus</strong></span> 
     </span>
     <span class='ocr_line' id='line_1_30' title="bbox 65 2852 1570 2934; baseline -0.003 -16"><span class='ocrx_word' id='word_1_211' title='bbox 65 2852 203 2934; x_wconf 64' lang='grc' dir='ltr'><strong>[ἐλάτης</strong></span> <span class='ocrx_word' id='word_1_212' title='bbox 240 2862 369 2932; x_wconf 56' lang='lat' dir='ltr'><strong>,cattos</strong></span> <span class='ocrx_word' id='word_1_213' title='bbox 405 2857 466 2914; x_wconf 78' lang='grc' dir='ltr'><strong>ὑπὸ</strong></span> <span class='ocrx_word' id='word_1_214' title='bbox 503 2862 690 2934; x_wconf 57' lang='lat' dir='ltr'><strong>repudium</strong></span> <span class='ocrx_word' id='word_1_215' title='bbox 726 2864 814 2917; x_wconf 72' lang='lat' dir='ltr'><strong>taar-</strong></span> <span class='ocrx_word' id='word_1_216' title='bbox 867 2863 1050 2916; x_wconf 84' lang='lat' dir='ltr'><strong>obnoxiam</strong></span> <span class='ocrx_word' id='word_1_217' title='bbox 1075 2862 1264 2915; x_wconf 88' lang='lat' dir='ltr'><strong>teredinit</strong></span> <span class='ocrx_word' id='word_1_218' title='bbox 1253 2863 1409 2925; x_wconf 89' lang='lat' dir='ltr'><strong>tradunt,</strong></span> <span class='ocrx_word' id='word_1_219' title='bbox 1434 2863 1570 2916; x_wconf 91' lang='lat' dir='ltr'><strong>omnia·</strong></span> 
     </span>
     <span class='ocr_line' id='line_1_31' title="bbox 65 2943 1569 3022; baseline -0.003 -16.894"><span class='ocrx_word' id='word_1_220' title='bbox 65 2949 264 3007; x_wconf 71' lang='grc' dir='ltr'><strong>,·..εσθαι</strong></span> <span class='ocrx_word' id='word_1_221' title='bbox 305 2943 497 3001; x_wconf 78' lang='grc' dir='ltr'><strong>.πάνταδ’</strong></span> <span class='ocrx_word' id='word_1_222' title='bbox 510 2949 604 3002; x_wconf 64' lang='lat' dir='ltr'><strong>teate</strong></span> <span class='ocrx_word' id='word_1_223' title='bbox 612 2951 750 3004; x_wconf 78' lang='lat' dir='ltr'><strong>atara</strong></span> <span class='ocrx_word' id='word_1_224' title='bbox 717 2970 813 3022; x_wconf 84' lang='grc' dir='ltr'><strong><em>τε-ρη</em></strong></span> <span class='ocrx_word' id='word_1_225' title='bbox 868 2964 931 3016; x_wconf 90' lang='lat' dir='ltr'><strong>que</strong></span> <span class='ocrx_word' id='word_1_226' title='bbox 950 2950 1192 3016; x_wconf 84' lang='lat' dir='ltr'><strong>praeterquam</strong></span> <span class='ocrx_word' id='word_1_227' title='bbox 1211 2948 1390 3001; x_wconf 89' lang='lat' dir='ltr'><strong>oleastrum</strong></span> <span class='ocrx_word' id='word_1_228' title='bbox 1410 2948 1569 3003; x_wconf 86' lang='lat' dir='ltr'><strong>etoleam</strong></span> 
     </span>
     <span class='ocr_line' id='line_1_32' title="bbox 64 3022 1568 3106; baseline -0.001 -17"><span class='ocrx_word' id='word_1_229' title='bbox 64 3022 180 3091; x_wconf 67' lang='lat' dir='ltr'><strong>idom</strong></span> <span class='ocrx_word' id='word_1_230' title='bbox 211 3033 297 3106; x_wconf 79' lang='grc' dir='ltr'>πλην</span> <span class='ocrx_word' id='word_1_231' title='bbox 328 3036 468 3087; x_wconf 75' lang='grc' dir='ltr'><strong>κοτίνου</strong></span> <span class='ocrx_word' id='word_1_232' title='bbox 499 3038 555 3087; x_wconf 81' lang='grc' dir='ltr'><strong>καὶ</strong></span> <span class='ocrx_word' id='word_1_233' title='bbox 584 3036 813 3094; x_wconf 80' lang='grc' dir='ltr'>ἐλαίας</span> <span class='ocrx_word' id='word_1_234' title='bbox 868 3035 1033 3102; x_wconf 88' lang='lat' dir='ltr'><strong>quaedam</strong></span> <span class='ocrx_word' id='word_1_235' title='bbox 1055 3034 1146 3087; x_wconf 90' lang='lat' dir='ltr'><strong>enirn</strong></span> <span class='ocrx_word' id='word_1_236' title='bbox 1170 3035 1204 3086; x_wconf 90' lang='lat' dir='ltr'><strong>in</strong></span> <span class='ocrx_word' id='word_1_237' title='bbox 1228 3035 1325 3103; x_wconf 89' lang='lat' dir='ltr'><strong>mari,</strong></span> <span class='ocrx_word' id='word_1_238' title='bbox 1350 3035 1568 3102; x_wconf 87' lang='lat' dir='ltr'><strong>quaedamin</strong></span> 
     </span>
     <span class='ocr_line' id='line_1_33' title="bbox 64 3116 1359 3195; baseline -0.003 -17"><span class='ocrx_word' id='word_1_239' title='bbox 64 3116 289 3193; x_wconf 56' lang='grc' dir='ltr'><strong>ῄὲσθίεσθαι</strong></span> <span class='ocrx_word' id='word_1_240' title='bbox 325 3122 359 3173; x_wconf 71' lang='grc' dir='ltr'><strong>δὲ</strong></span> <span class='ocrx_word' id='word_1_241' title='bbox 394 3119 433 3174; x_wconf 83' lang='grc' dir='ltr'><strong>τὰ</strong></span> <span class='ocrx_word' id='word_1_242' title='bbox 470 3124 527 3190; x_wconf 82' lang='grc' dir='ltr'><strong>μὲν</strong></span> <span class='ocrx_word' id='word_1_243' title='bbox 519 3122 612 3174; x_wconf 80' lang='grc' dir='ltr'><strong>ν.ἐν</strong></span> <span class='ocrx_word' id='word_1_244' title='bbox 608 3127 664 3194; x_wconf 73' lang='grc' dir='ltr'><strong>τῇ</strong></span> <span class='ocrx_word' id='word_1_245' title='bbox 695 3119 813 3195; x_wconf 72' lang='grc' dir='ltr'><strong>θαὶάττῃ</strong></span> <span class='ocrx_word' id='word_1_246' title='bbox 866 3120 1359 3188; x_wconf 88' lang='lat' dir='ltr'><strong>terravitiisopportuniora.</strong></span> 
     </span>
     <span class='ocr_line' id='line_1_34' title="bbox 64 3198 813 3282; baseline -0.007 -17"><span class='ocrx_word' id='word_1_247' title='bbox 64 3198 73 3251; x_wconf 47' lang='grc' dir='ltr'><strong>’ἶ</strong></span> <span class='ocrx_word' id='word_1_248' title='bbox 93 3205 287 3282; x_wconf 65' lang='lat' dir='ltr'><strong>cundperto</strong></span> <span class='ocrx_word' id='word_1_249' title='bbox 312 3204 400 3261; x_wconf 76' lang='lat' dir='ltr'><strong>uada</strong></span> <span class='ocrx_word' id='word_1_250' title='bbox 391 3205 533 3279; x_wconf 66' lang='grc' dir='ltr'><strong>τερηδόνος,</strong></span> <span class='ocrx_word' id='word_1_251' title='bbox 558 3205 597 3261; x_wconf 82' lang='grc' dir='ltr'><strong>τὰ</strong></span> <span class='ocrx_word' id='word_1_252' title='bbox 621 3227 633 3260; x_wconf 90' lang='lat' dir='ltr'><strong>o</strong></span> <span class='ocrx_word' id='word_1_253' title='bbox 639 3205 725 3263; x_wconf 82' lang='grc' dir='ltr'><strong>ἐν</strong></span> <span class='ocrx_word' id='word_1_254' title='bbox 712 3214 750 3282; x_wconf 74' lang='grc' dir='ltr'><strong>τῇ</strong></span> <span class='ocrx_word' id='word_1_255' title='bbox 774 3230 813 3281; x_wconf 67' lang='grc' dir='ltr'><strong>γῃ</strong></span> 
     </span>
     <span class='ocr_line' id='line_1_35' title="bbox 64 3291 691 3367; baseline -0.006 -18"><span class='ocrx_word' id='word_1_256' title='bbox 64 3310 73 3349; x_wconf 90' lang='grc'><strong>,·-</strong></span> <span class='ocrx_word' id='word_1_257' title='bbox 92 3294 156 3352; x_wconf 77' lang='grc' dir='ltr'><strong>ὑπὸ</strong></span> <span class='ocrx_word' id='word_1_258' title='bbox 176 3292 321 3367; x_wconf 76' lang='grc' dir='ltr'>σκωλήκων</span> <span class='ocrx_word' id='word_1_259' title='bbox 341 3296 385 3347; x_wconf 81' lang='grc' dir='ltr'><strong>καὶ</strong></span> <span class='ocrx_word' id='word_1_260' title='bbox 403 3291 452 3348; x_wconf 79' lang='grc' dir='ltr'><strong>ὑπὸ</strong></span> <span class='ocrx_word' id='word_1_261' title='bbox 472 3296 575 3367; x_wconf 72' lang='grc' dir='ltr'><strong>θριπῶν.</strong></span> <span class='ocrx_word' id='word_1_262' title='bbox 689 3360 691 3364; x_wconf 20' lang='lat'><strong><em>¹</em></strong></span> 
     </span>
     <span class='ocr_line' id='line_1_36' title="bbox 214 3400 1565 3487; baseline -0.001 -23"><span class='ocrx_word' id='word_1_263' title='bbox 214 3400 303 3464; x_wconf 89' lang='lat' dir='ltr'><strong>Haec</strong></span> <span class='ocrx_word' id='word_1_264' title='bbox 341 3401 557 3483; x_wconf 87' lang='lat' dir='ltr'><strong>paragraphus</strong></span> <span class='ocrx_word' id='word_1_265' title='bbox 596 3403 675 3484; x_wconf 90' lang='lat' dir='ltr'><strong>quin</strong></span> <span class='ocrx_word' id='word_1_266' title='bbox 713 3402 826 3487; x_wconf 88' lang='lat' dir='ltr'><strong>partim</strong></span> <span class='ocrx_word' id='word_1_267' title='bbox 862 3420 903 3463; x_wconf 82' lang='lat' dir='ltr'><strong>ex</strong></span> <span class='ocrx_word' id='word_1_268' title='bbox 937 3401 1149 3482; x_wconf 88' lang='lat' dir='ltr'><strong>Theophrasto</strong></span> <span class='ocrx_word' id='word_1_269' title='bbox 1188 3401 1302 3483; x_wconf 90' lang='lat' dir='ltr'><strong>partim</strong></span> <span class='ocrx_word' id='word_1_270' title='bbox 1340 3419 1382 3463; x_wconf 84' lang='lat' dir='ltr'><strong>ex</strong></span> <span class='ocrx_word' id='word_1_271' title='bbox 1416 3400 1565 3463; x_wconf 85' lang='lat' dir='ltr'><strong>Vitruvio</strong></span> 
     </span>
     <span class='ocr_line' id='line_1_37' title="bbox 94 3502 1566 3588; baseline -0.005 -16.14"><span class='ocrx_word' id='word_1_272' title='bbox 94 3513 238 3588; x_wconf 81' lang='lat' dir='ltr'><strong>sumpta</strong></span> <span class='ocrx_word' id='word_1_273' title='bbox 262 3507 312 3584; x_wconf 90' lang='lat' dir='ltr'><strong>sit,</strong></span> <span class='ocrx_word' id='word_1_274' title='bbox 344 3506 421 3567; x_wconf 92' lang='lat' dir='ltr'><strong>mihi</strong></span> <span class='ocrx_word' id='word_1_275' title='bbox 453 3506 584 3588; x_wconf 90' lang='lat' dir='ltr'><strong>quidem</strong></span> <span class='ocrx_word' id='word_1_276' title='bbox 614 3505 748 3568; x_wconf 91' lang='lat' dir='ltr'><strong>dubium</strong></span> <span class='ocrx_word' id='word_1_277' title='bbox 779 3525 843 3567; x_wconf 92' lang='lat' dir='ltr'><strong>non</strong></span> <span class='ocrx_word' id='word_1_278' title='bbox 875 3512 939 3580; x_wconf 86' lang='lat' dir='ltr'><strong>est;</strong></span> <span class='ocrx_word' id='word_1_279' title='bbox 975 3506 1065 3568; x_wconf 91' lang='lat' dir='ltr'><strong>tertio</strong></span> <span class='ocrx_word' id='word_1_280' title='bbox 1098 3504 1225 3567; x_wconf 91' lang='lat' dir='ltr'><strong>cuidam</strong></span> <span class='ocrx_word' id='word_1_281' title='bbox 1256 3505 1378 3566; x_wconf 88' lang='lat' dir='ltr'><strong>auctori</strong></span> <span class='ocrx_word' id='word_1_282' title='bbox 1409 3502 1566 3567; x_wconf 91' lang='lat' dir='ltr'><strong>debentur</strong></span> 
     </span>
     <span class='ocr_line' id='line_1_38' title="bbox 63 3607 1565 3697; baseline -0.001 -25"><span class='ocrx_word' id='word_1_283' title='bbox 63 3609 206 3697; x_wconf 60' lang='lat' dir='ltr'><strong>{acrba</strong></span> <span class='ocrx_word' id='word_1_284' title='bbox 233 3628 381 3690; x_wconf 89' lang='lat' dir='ltr'><strong>„cerasus</strong></span> <span class='ocrx_word' id='word_1_285' title='bbox 403 3609 522 3671; x_wconf 79' lang='lat' dir='ltr'><strong>firma“.</strong></span> <span class='ocrx_word' id='word_1_286' title='bbox 569 3607 658 3683; x_wconf 79' lang='lat' dir='ltr'><strong>Quae</strong></span> <span class='ocrx_word' id='word_1_287' title='bbox 681 3609 893 3691; x_wconf 90' lang='lat' dir='ltr'><strong>Theophrasto</strong></span> <span class='ocrx_word' id='word_1_288' title='bbox 923 3608 1090 3688; x_wconf 85' lang='lat' dir='ltr'><strong>debentur,</strong></span> <span class='ocrx_word' id='word_1_289' title='bbox 1119 3609 1225 3671; x_wconf 90' lang='lat' dir='ltr'><strong>omnia</strong></span> <span class='ocrx_word' id='word_1_290' title='bbox 1248 3609 1343 3691; x_wconf 88' lang='lat' dir='ltr'><strong>plane</strong></span> <span class='ocrx_word' id='word_1_291' title='bbox 1366 3609 1438 3671; x_wconf 91' lang='lat' dir='ltr'><strong>eins</strong></span> <span class='ocrx_word' id='word_1_292' title='bbox 1459 3607 1565 3670; x_wconf 91' lang='lat' dir='ltr'><strong>verbis</strong></span> 
     </span>
     <span class='ocr_line' id='line_1_39' title="bbox 98 3710 1566 3798; baseline -0.004 -18"><span class='ocrx_word' id='word_1_293' title='bbox 98 3714 312 3798; x_wconf 86' lang='lat' dir='ltr'><strong>respondent.</strong></span> <span class='ocrx_word' id='word_1_294' title='bbox 358 3712 420 3776; x_wconf 85' lang='lat' dir='ltr'><strong>Sed</strong></span> <span class='ocrx_word' id='word_1_295' title='bbox 444 3713 521 3775; x_wconf 87' lang='lat' dir='ltr'><strong>dicit</strong></span> <span class='ocrx_word' id='word_1_296' title='bbox 544 3712 670 3775; x_wconf 91' lang='lat' dir='ltr'><strong>Plinius</strong></span> <span class='ocrx_word' id='word_1_297' title='bbox 701 3714 792 3776; x_wconf 90' lang='lat' dir='ltr'><strong>initio</strong></span> <span class='ocrx_word' id='word_1_298' title='bbox 821 3713 950 3777; x_wconf 87' lang='lat' dir='ltr'><strong>laricem</strong></span> <span class='ocrx_word' id='word_1_299' title='bbox 979 3715 1014 3775; x_wconf 89' lang='lat' dir='ltr'><strong>in</strong></span> <span class='ocrx_word' id='word_1_300' title='bbox 1038 3713 1205 3775; x_wconf 91' lang='lat' dir='ltr'><strong>maritimis</strong></span> <span class='ocrx_word' id='word_1_301' title='bbox 1230 3711 1368 3775; x_wconf 89' lang='lat' dir='ltr'><strong>navibus</strong></span> <span class='ocrx_word' id='word_1_302' title='bbox 1394 3710 1566 3775; x_wconf 80' lang='lat' dir='ltr'><strong>obnoxiam</strong></span> 
     </span>
     <span class='ocr_line' id='line_1_40' title="bbox 75 3815 1565 3900; baseline -0.005 -15"><span class='ocrx_word' id='word_1_303' title='bbox 75 3817 348 3898; x_wconf 82' lang='lat' dir='ltr'><strong>-terediniesse,</strong></span> <span class='ocrx_word' id='word_1_304' title='bbox 378 3816 612 3898; x_wconf 91' lang='lat' dir='ltr'><strong>Theophrastus</strong></span> <span class='ocrx_word' id='word_1_305' title='bbox 642 3818 771 3880; x_wconf 89' lang='lat' dir='ltr'><strong>laricem</strong></span> <span class='ocrx_word' id='word_1_306' title='bbox 802 3819 904 3900; x_wconf 89' lang='lat' dir='ltr'><strong>magis</strong></span> <span class='ocrx_word' id='word_1_307' title='bbox 936 3837 1032 3900; x_wconf 90' lang='lat' dir='ltr'><strong>quam</strong></span> <span class='ocrx_word' id='word_1_308' title='bbox 1062 3816 1196 3879; x_wconf 88' lang='lat' dir='ltr'><strong>abietem</strong></span> <span class='ocrx_word' id='word_1_309' title='bbox 1229 3815 1363 3878; x_wconf 88' lang='lat' dir='ltr'><strong>teredini</strong></span> <span class='ocrx_word' id='word_1_310' title='bbox 1393 3816 1565 3879; x_wconf 78' lang='lat' dir='ltr'><strong>obnoxiam</strong></span> 
     </span>
     <span class='ocr_line' id='line_1_41' title="bbox 95 3919 1568 3999; baseline -0.004 -10"><span class='ocrx_word' id='word_1_311' title='bbox 95 3941 187 3989; x_wconf 83' lang='lat' dir='ltr'><strong>esse.</strong></span> <span class='ocrx_word' id='word_1_312' title='bbox 235 3919 340 3984; x_wconf 84' lang='lat' dir='ltr'><strong>Verba</strong></span> <span class='ocrx_word' id='word_1_313' title='bbox 373 3923 426 3999; x_wconf 93' lang='lat' dir='ltr'><strong>„in</strong></span> <span class='ocrx_word' id='word_1_314' title='bbox 460 3923 627 3984; x_wconf 88' lang='lat' dir='ltr'><strong>maritimis</strong></span> <span class='ocrx_word' id='word_1_315' title='bbox 658 3920 816 3984; x_wconf 85' lang='lat' dir='ltr'><strong>navibus“</strong></span> <span class='ocrx_word' id='word_1_316' title='bbox 846 3920 973 3983; x_wconf 92' lang='lat' dir='ltr'><strong>Plinius</strong></span> <span class='ocrx_word' id='word_1_317' title='bbox 1003 3939 1045 3984; x_wconf 86' lang='lat' dir='ltr'><strong>ex</strong></span> <span class='ocrx_word' id='word_1_318' title='bbox 1077 3939 1175 3982; x_wconf 89' lang='lat' dir='ltr'><strong>sensu</strong></span> <span class='ocrx_word' id='word_1_319' title='bbox 1206 3919 1332 3998; x_wconf 90' lang='lat' dir='ltr'><strong>adiecit,</strong></span> <span class='ocrx_word' id='word_1_320' title='bbox 1365 3940 1439 3982; x_wconf 91' lang='lat' dir='ltr'><strong>oum</strong></span> <span class='ocrx_word' id='word_1_321' title='bbox 1469 3919 1568 3984; x_wconf 92' lang='lat' dir='ltr'><strong>Theo·</strong></span> 
     </span>
     <span class='ocr_line' id='line_1_42' title="bbox 100 4017 1568 4113; baseline -0.001 -24"><span class='ocrx_word' id='word_1_322' title='bbox 100 4029 258 4113; x_wconf 88' lang='lat' dir='ltr'><strong>phrastus</strong></span> <span class='ocrx_word' id='word_1_323' title='bbox 287 4044 418 4108; x_wconf 90' lang='lat' dir='ltr'><strong>quoque</strong></span> <span class='ocrx_word' id='word_1_324' title='bbox 445 4031 556 4107; x_wconf 88' lang='lat' dir='ltr'><strong>postea</strong></span> <span class='ocrx_word' id='word_1_325' title='bbox 584 4026 684 4088; x_wconf 90' lang='lat' dir='ltr'><strong>dicat:</strong></span> <span class='ocrx_word' id='word_1_326' title='bbox 714 4022 767 4101; x_wconf 83' lang='lat' dir='ltr'><strong>„od</strong></span> <span class='ocrx_word' id='word_1_327' title='bbox 863 4024 969 4109; x_wconf 76' lang='grc' dir='ltr'><strong><em>φύεται</em></strong></span> <span class='ocrx_word' id='word_1_328' title='bbox 990 4022 1125 4109; x_wconf 63' lang='lat' dir='ltr'><strong>rappido,</strong></span> <span class='ocrx_word' id='word_1_329' title='bbox 1158 4020 1225 4086; x_wconf 83' lang='grc' dir='ltr'>ἀλλ’</span> <span class='ocrx_word' id='word_1_330' title='bbox 1244 4017 1264 4105; x_wconf 82' lang='grc' dir='ltr'>ἤ</span> <span class='ocrx_word' id='word_1_331' title='bbox 1287 4024 1317 4086; x_wconf 81' lang='grc' dir='ltr'><strong>ἐν</strong></span> <span class='ocrx_word' id='word_1_332' title='bbox 1339 4028 1378 4107; x_wconf 74' lang='grc' dir='ltr'><strong>τῇ</strong></span> <span class='ocrx_word' id='word_1_333' title='bbox 1400 4023 1568 4108; x_wconf 76' lang='grc' dir='ltr'><strong><em>θαλάττῃ“;</em></strong></span> 
     </span>
     <span class='ocr_line' id='line_1_43' title="bbox 102 4127 1568 4218; baseline -0.003 -23"><span class='ocrx_word' id='word_1_334' title='bbox 102 4136 271 4218; x_wconf 88' lang='lat' dir='ltr'><strong>praeterea</strong></span> <span class='ocrx_word' id='word_1_335' title='bbox 293 4130 500 4212; x_wconf 82' lang='lat' dir='ltr'><strong>neglegenter</strong></span> <span class='ocrx_word' id='word_1_336' title='bbox 518 4128 724 4213; x_wconf 86' lang='lat' dir='ltr'><strong>Theophrasti</strong></span> <span class='ocrx_word' id='word_1_337' title='bbox 740 4129 836 4193; x_wconf 90' lang='lat' dir='ltr'><strong>verbe</strong></span> <span class='ocrx_word' id='word_1_338' title='bbox 853 4129 980 4192; x_wconf 90' lang='lat' dir='ltr'><strong>Plinius</strong></span> <span class='ocrx_word' id='word_1_339' title='bbox 1002 4127 1149 4209; x_wconf 87' lang='lat' dir='ltr'><strong>reddidit,</strong></span> <span class='ocrx_word' id='word_1_340' title='bbox 1173 4147 1248 4191; x_wconf 90' lang='lat' dir='ltr'><strong>curn</strong></span> <span class='ocrx_word' id='word_1_341' title='bbox 1264 4131 1422 4192; x_wconf 90' lang='lat' dir='ltr'><strong>omitteret</strong></span> <span class='ocrx_word' id='word_1_342' title='bbox 1442 4127 1568 4210; x_wconf 75' lang='grc' dir='ltr'><strong><em>,,ἐλτίτης</em></strong></span> 
     </span>
     <span class='ocr_line' id='line_1_44' title="bbox 99 4231 1567 4324; baseline -0.001 -25"><span class='ocrx_word' id='word_1_343' title='bbox 99 4239 247 4324; x_wconf 57' lang='lat' dir='ltr'><strong>palleat</strong></span> <span class='ocrx_word' id='word_1_344' title='bbox 292 4233 373 4297; x_wconf 90' lang='lat' dir='ltr'><strong>Item</strong></span> <span class='ocrx_word' id='word_1_345' title='bbox 397 4234 603 4316; x_wconf 84' lang='lat' dir='ltr'><strong>neglegenter</strong></span> <span class='ocrx_word' id='word_1_346' title='bbox 625 4235 741 4317; x_wconf 88' lang='lat' dir='ltr'><strong>scripta</strong></span> <span class='ocrx_word' id='word_1_347' title='bbox 763 4240 850 4314; x_wconf 89' lang='lat' dir='ltr'><strong>sunt,</strong></span> <span class='ocrx_word' id='word_1_348' title='bbox 875 4254 957 4317; x_wconf 90' lang='lat' dir='ltr'><strong>quae</strong></span> <span class='ocrx_word' id='word_1_349' title='bbox 980 4232 1041 4296; x_wconf 91' lang='lat' dir='ltr'><strong>sub</strong></span> <span class='ocrx_word' id='word_1_350' title='bbox 1063 4231 1161 4295; x_wconf 89' lang='lat' dir='ltr'><strong>finem</strong></span> <span class='ocrx_word' id='word_1_351' title='bbox 1178 4238 1314 4296; x_wconf 88' lang='lat' dir='ltr'><strong>exstant.</strong></span> <span class='ocrx_word' id='word_1_352' title='bbox 1361 4233 1412 4296; x_wconf 90' lang='lat' dir='ltr'><strong>Me</strong></span> <span class='ocrx_word' id='word_1_353' title='bbox 1437 4234 1567 4316; x_wconf 90' lang='lat' dir='ltr'><strong>quidem</strong></span> 
     </span>
     <span class='ocr_line' id='line_1_45' title="bbox 62 4334 1569 4422; baseline -0.005 -16"><span class='ocrx_word' id='word_1_354' title='bbox 62 4372 65 4379; x_wconf 91' lang='grc'><em>·</em></span> <span class='ocrx_word' id='word_1_355' title='bbox 99 4341 217 4406; x_wconf 88' lang='lat' dir='ltr'><strong>iudice</strong></span> <span class='ocrx_word' id='word_1_356' title='bbox 240 4341 317 4405; x_wconf 90' lang='lat' dir='ltr'><strong>haec</strong></span> <span class='ocrx_word' id='word_1_357' title='bbox 343 4337 511 4421; x_wconf 87' lang='lat' dir='ltr'><strong>desumpta</strong></span> <span class='ocrx_word' id='word_1_358' title='bbox 535 4346 611 4402; x_wconf 90' lang='lat' dir='ltr'><strong>sunt</strong></span> <span class='ocrx_word' id='word_1_359' title='bbox 634 4357 675 4400; x_wconf 77' lang='lat' dir='ltr'><strong>eu</strong></span> <span class='ocrx_word' id='word_1_360' title='bbox 699 4338 803 4401; x_wconf 92' lang='lat' dir='ltr'><strong>verbis</strong></span> <span class='ocrx_word' id='word_1_361' title='bbox 825 4336 1041 4422; x_wconf 88' lang='lat' dir='ltr'><strong>Theophrasti,</strong></span> <span class='ocrx_word' id='word_1_362' title='bbox 1073 4356 1156 4418; x_wconf 88' lang='lat' dir='ltr'><strong>quae</strong></span> <span class='ocrx_word' id='word_1_363' title='bbox 1180 4337 1290 4400; x_wconf 87' lang='lat' dir='ltr'><strong>adtuli.</strong></span> <span class='ocrx_word' id='word_1_364' title='bbox 1316 4334 1398 4401; x_wconf 71' lang='lat' dir='ltr'><strong>&#39;Sed</strong></span> <span class='ocrx_word' id='word_1_365' title='bbox 1423 4357 1469 4419; x_wconf 91' lang='lat' dir='ltr'><strong>ea,</strong></span> <span class='ocrx_word' id='word_1_366' title='bbox 1503 4357 1569 4421; x_wconf 92' lang='lat' dir='ltr'><strong>qua</strong></span> 
     </span>
     <span class='ocr_line' id='line_1_46' title="bbox 67 4439 1568 4526; baseline -0.004 -15"><span class='ocrx_word' id='word_1_367' title='bbox 67 4462 70 4467; x_wconf 88' lang='grc'><em>·</em></span> <span class='ocrx_word' id='word_1_368' title='bbox 95 4451 174 4511; x_wconf 89' lang='lat' dir='ltr'><strong>erat</strong></span> <span class='ocrx_word' id='word_1_369' title='bbox 197 4444 411 4526; x_wconf 88' lang='lat' dir='ltr'><strong>neglegentia,</strong></span> <span class='ocrx_word' id='word_1_370' title='bbox 440 4442 600 4525; x_wconf 89' lang='lat' dir='ltr'><strong>praeteriit</strong></span> <span class='ocrx_word' id='word_1_371' title='bbox 623 4441 751 4505; x_wconf 87' lang='lat' dir='ltr'><strong>Plinius</strong></span> <span class='ocrx_word' id='word_1_372' title='bbox 782 4442 916 4506; x_wconf 86' lang='lat' dir='ltr'><strong>verbum</strong></span> <span class='ocrx_word' id='word_1_373' title='bbox 940 4439 1100 4525; x_wconf 78' lang='grc' dir='ltr'>σηπόμενα,</span> <span class='ocrx_word' id='word_1_374' title='bbox 1132 4441 1241 4524; x_wconf 93' lang='lat' dir='ltr'><strong>itaque</strong></span> <span class='ocrx_word' id='word_1_375' title='bbox 1265 4462 1302 4506; x_wconf 92' lang='lat' dir='ltr'><strong>eo</strong></span> <span class='ocrx_word' id='word_1_376' title='bbox 1325 4442 1486 4505; x_wconf 90' lang='lat' dir='ltr'><strong>adductus</strong></span> <span class='ocrx_word' id='word_1_377' title='bbox 1510 4453 1568 4520; x_wconf 91' lang='lat' dir='ltr'><strong>est,</strong></span> 
     </span>
     <span class='ocr_line' id='line_1_47' title="bbox 98 4544 1569 4631; baseline -0.005 -16"><span class='ocrx_word' id='word_1_378' title='bbox 98 4556 153 4631; x_wconf 88' lang='lat' dir='ltr'><strong>ut,</strong></span> <span class='ocrx_word' id='word_1_379' title='bbox 178 4567 252 4611; x_wconf 91' lang='lat' dir='ltr'><strong>cum</strong></span> <span class='ocrx_word' id='word_1_380' title='bbox 276 4548 512 4629; x_wconf 88' lang='lat' dir='ltr'><strong>Theophrastus</strong></span> <span class='ocrx_word' id='word_1_381' title='bbox 534 4544 715 4630; x_wconf 87' lang='lat' dir='ltr'><strong>praeberet:</strong></span> <span class='ocrx_word' id='word_1_382' title='bbox 747 4546 855 4628; x_wconf 80' lang='lat' dir='ltr'><strong>„Quae</strong></span> <span class='ocrx_word' id='word_1_383' title='bbox 878 4549 912 4611; x_wconf 92' lang='lat' dir='ltr'><strong>in</strong></span> <span class='ocrx_word' id='word_1_384' title='bbox 936 4549 1014 4609; x_wconf 90' lang='lat' dir='ltr'><strong>mari</strong></span> <span class='ocrx_word' id='word_1_385' title='bbox 1037 4553 1230 4630; x_wconf 90' lang='lat' dir='ltr'><strong>putrescunt</strong></span> <span class='ocrx_word' id='word_1_386' title='bbox 1252 4547 1350 4629; x_wconf 90' lang='lat' dir='ltr'><strong>ligna,</strong></span> <span class='ocrx_word' id='word_1_387' title='bbox 1373 4566 1392 4608; x_wconf 93' lang='lat' dir='ltr'><strong>a</strong></span> <span class='ocrx_word' id='word_1_388' title='bbox 1415 4545 1569 4620; x_wconf 87' lang='lat' dir='ltr'><strong>teredine,</strong></span> 
     </span>
     <span class='ocr_line' id='line_1_48' title="bbox 96 4651 1568 4740; baseline -0.003 -22"><span class='ocrx_word' id='word_1_389' title='bbox 96 4672 191 4740; x_wconf 88' lang='lat' dir='ltr'><strong>quae</strong></span> <span class='ocrx_word' id='word_1_390' title='bbox 227 4653 260 4714; x_wconf 90' lang='lat' dir='ltr'><strong>in</strong></span> <span class='ocrx_word' id='word_1_391' title='bbox 302 4659 400 4732; x_wconf 86' lang='lat' dir='ltr'><strong>terra,</strong></span> <span class='ocrx_word' id='word_1_392' title='bbox 439 4671 456 4714; x_wconf 88' lang='lat' dir='ltr'><strong>a</strong></span> <span class='ocrx_word' id='word_1_393' title='bbox 491 4651 655 4714; x_wconf 86' lang='lat' dir='ltr'><strong>vermibus</strong></span> <span class='ocrx_word' id='word_1_394' title='bbox 689 4656 720 4714; x_wconf 89' lang='lat' dir='ltr'><strong>et</strong></span> <span class='ocrx_word' id='word_1_395' title='bbox 753 4651 914 4733; x_wconf 90' lang='lat' dir='ltr'><strong>thripibus</strong></span> <span class='ocrx_word' id='word_1_396' title='bbox 948 4652 1125 4731; x_wconf 82' lang='lat' dir='ltr'><strong>eduntur“,</strong></span> <span class='ocrx_word' id='word_1_397' title='bbox 1160 4652 1294 4714; x_wconf 88' lang='lat' dir='ltr'><strong>diceret:</strong></span> <span class='ocrx_word' id='word_1_398' title='bbox 1336 4651 1430 4730; x_wconf 81' lang='lat' dir='ltr'><strong>„Alia</strong></span> <span class='ocrx_word' id='word_1_399' title='bbox 1463 4652 1568 4734; x_wconf 88' lang='lat' dir='ltr'><strong>magis</strong></span> 
     </span>
     <span class='ocr_line' id='line_1_49' title="bbox 96 4755 714 4836; baseline -0.01 -12"><span class='ocrx_word' id='word_1_400' title='bbox 96 4761 262 4824; x_wconf 82' lang='lat' dir='ltr'><strong>vitiantur</strong></span> <span class='ocrx_word' id='word_1_401' title='bbox 285 4758 320 4819; x_wconf 90' lang='lat' dir='ltr'><strong>in</strong></span> <span class='ocrx_word' id='word_1_402' title='bbox 344 4757 434 4836; x_wconf 88' lang='lat' dir='ltr'><strong>mari,</strong></span> <span class='ocrx_word' id='word_1_403' title='bbox 457 4757 519 4819; x_wconf 90' lang='lat' dir='ltr'><strong>alia</strong></span> <span class='ocrx_word' id='word_1_404' title='bbox 542 4757 576 4819; x_wconf 92' lang='lat' dir='ltr'><strong>in</strong></span> <span class='ocrx_word' id='word_1_405' title='bbox 601 4755 714 4819; x_wconf 82' lang='lat' dir='ltr'><strong>terra“.</strong></span> 
     </span>
    </p>
   </div>
   <div class='ocr_carea' id='block_1_5' title="bbox 0 0 1651 5436">
    <p class='ocr_par' dir='ltr' id='par_1_6' title="bbox 0 0 1651 5436">
     <span class='ocr_line' id='line_1_50' title="bbox 0 0 1651 5436; baseline 0 0"><span class='ocrx_word' id='word_1_406' title='bbox 0 0 1651 5436; x_wconf 95' lang='lat' dir='ltr'><strong> </strong></span> 
     </span>
    </p>
   </div>
  </div>
 </body>
</html>
