3292 5436
835 94 876 158 12

42 382 45 386 Α
134 299 202 367 hoo<
237 298 287 360 vel
321 296 405 380 33113
444 299 580 360 3311111113
614 306 644 362 31
673 301 756 381 33113
791 303 897 382 nigra,
933 308 963 364 31
986 321 1026 364 ex
1050 302 1109 382 III,
1132 304 1163 384 7,
1186 303 1222 366 4:
1257 305 1396 379 ,,πλεῖστα
1420 300 1455 366 δὲ
1478 302 1596 367 πάντων·

131 397 151 478 ἡ
176 402 242 483 δρῦς
266 400 349 484 φέρει
379 399 459 483 παρὰ
482 400 530 462 τὸν
565 401 683 485 καρπὸν,
719 401 777 465 οἷον
812 402 863 485 την
894 407 1000 485 κηκῖδα
1033 404 1084 488 τὴν
1116 405 1218 490 μικρὰν
1250 403 1299 467 καὶ
1330 410 1380 490 την
1410 405 1517 490 ἑτέραν
1545 406 1589 488 τὴν

129 502 258 585 πιττώδη
282 501 331 566 καὶ
355 503 521 586 petolans&
546 505 601 566 ubi
627 506 710 568 clare
735 507 978 589 distinguuntur
1009 510 1211 591 1133333313
1240 511 1351 591 gallae,
1380 509 1467 592 33113
1498 529 1591 593 parra

133 608 454 689 3133113133133333
478 617 508 670 31
532 611 631 690 nigra.
679 608 776 674 Recte
802 613 900 694 igitur
925 611 1052 675 Plinius
1076 633 1132 695 pro
1147 613 1350 696 Theophrasti
1368 612 1476 676 verbis
1502 612 1592 696 ,31113

129 715 179 793 τῆς
213 708 388 782 arcadico&
417 713 545 796 praebet
576 718 788 799 „carrdidior.“
846 715 1051 798 Theophrasti
1082 716 1272 797 vocabulum
1304 714 1471 799 „adponet
1510 718 1592 800 quod

136 815 232 896 paulo
257 821 330 878 3313
354 827 469 899 exstat,
493 841 556 884 non
581 819 1095 886 13331311111113133133311313
1121 822 1417 901 ,33113133113333
1455 820 1509 884 Me
1528 822 1594 903 qui·

140 919 210 980 dem
235 919 341 982 iudice
363 919 518 1005 „enatae
543 926 595 988 hic
618 933 665 990 est
690 925 1006 1006 ,33111131333313α

247 1022 318 1084 Non
344 1034 489 1091 accurate
513 1031 671 1114 explicata
694 1036 780 1108 sunt,
805 1047 887 1111 quae
909 1027 1035 1091 Plinius
1065 1030 1141 1090 dicit
1164 1030 1202 1092 de
1225 1028 1448 1110 magnitudine
1480 1028 1594 1110 331133;

141 1146 215 1188 3331
241 1127 336 1190 verba
371 1150 497 1214 „neque
528 1134 567 1196 ad
590 1135 712 1196 iustum
738 1135 974 1196 incrementum
1009 1135 1164 1215 pervenit,
1192 1133 1251 1194 hoc
1281 1142 1335 1212 est,
1369 1139 1406 1194 ut
1439 1133 1595 1195 nucleum

144 1228 650 1318 1313333331131113311313311,
675 1241 758 1300 certe
781 1235 861 1298 nihil
884 1235 970 1298 aliud
995 1236 1174 1319 significare
1204 1242 1347 1319 possunt,
1376 1236 1439 1298 uisi
1472 1237 1595 1299 iustum

144 1333 377 1399 incrementum
402 1340 504 1421 331133
530 1342 589 1405 hoc
619 1360 698 1422 esse,
729 1340 945 1404 3133313331
981 1340 1094 1403 habeat
1126 1340 1215 1403 fabae
1249 1340 1487 1422 magnitudine,
1525 1359 1596 1402 cum

141 1436 376 1522 Theophrastus
401 1445 500 1508 dicat:
536 1448 581 1527 „si
605 1451 694 1510 aestu
719 1451 851 1529 excepta
874 1445 1036 1528 33133113,
1060 1464 1122 1506 non
1147 1447 1208 1506 1331
1234 1445 1272 1506 ad
1298 1444 1446 1524 maiorem
1472 1444 1596 1527 magni-

142 1543 286 1607 tudinem
318 1549 440 1625 crescit,
476 1551 518 1611 ita
552 1555 587 1613 ut
623 1551 798 1613 nonnullae
829 1569 893 1612 uon
924 1551 1058 1612 maiores
1090 1548 1168 1611 fiant
1199 1569 1294 1630 quam
1326 1548 1446 1611 131133.ιι
1506 1547 1596 1611 Falso

140 1647 240 1729 igitur
264 1649 390 1714 Plinius
413 1653 616 1738 Theophrasti
639 1655 735 1718 verba
758 1654 915 1717 intellexit
938 1660 969 1717 31
992 1653 1141 1716 nucleum
1171 1653 1368 1734 3311331333
1399 1651 1461 1714 sibi
1494 1651 1596 1732 finxit,

144 1752 200 1833 qui
224 1772 329 1836 33333
352 1776 371 1818 3
392 1756 605 1840 Theophrasto
630 1763 893 1822 commemoratur
915 1777 1021 1838 1133313
1045 1759 1175 1819 omuino
1198 1759 1232 1818 in
1261 1757 1353 1838 331113
1375 1756 1554 1817 inuenitur.

243 1855 332 1932 Quae
356 1859 416 1923 sub
445 1862 542 1926 finem
566 1863 692 1926 Plinius
727 1863 811 1940 dicit,
842 1861 927 1945 apud
950 1861 1198 1944 Theophrastum
1231 1880 1294 1922 uon
1325 1859 1543 1923 inveniuntur
1569 1862 1597 1920 et

44 1972 47 1977 ’
139 1959 270 2024 aliunde
292 1970 419 2048 sumpta
442 1972 527 2030 sunt.

205 2115 328 2183 ffl‚7‚4.
360 2119 506 2175 [Ιλεῖστα
525 2125 557 2176 δὲ
576 2121 708 2176 πάντων
727 2121 744 2194 ἠ
765 2125 840 2195 δρῦς

136 2201 225 2274 παρὰ
243 2203 298 2258 τὸν
318 2207 460 2280 καρπὸν,
487 2211 556 2262 οἷον
582 2209 640 2281 τήν
659 2231 693 2264 τε
717 2211 840 2282 κηκῖδα

136 2288 194 2358 τὴν
221 2290 342 2364 μικρὰν
368 2297 423 2348 καὶ
447 2294 506 2368 τὴν
535 2299 655 2371 ἑτέραν
682 2295 740 2368 τὴν
768 2317 839 2350 πιτ-

136 2372 221 2448 τώδη
240 2380 296 2432 καὶ
321 2383 499 2451 μέλαιναν·
528 2384 575 2437 ἔτι
600 2385 632 2438 δὲ
657 2384 715 2437 καὶ
740 2403 839 2436 συκα-

137 2465 276 2533 μινῶδες
301 2461 381 2521 ἄλλο
406 2475 438 2542 τῇ
459 2476 553 2544 μορφῇ,
580 2469 665 2542 πλὴν
692 2467 838 2542 σκληρὸν

137 2546 205 2602 κατὰ
223 2549 270 2622 τὴν
294 2551 474 2620 ἐπανάστασιν,
501 2558 545 2609 καὶ
570 2559 772 2630 τετρυπημένον,
796 2557 840 2608 καὶ

136 2643 371 2713 προσεμφερὲς
401 2640 525 2715 τρόπον
556 2643 631 2698 τινὰ
668 2646 711 2696 καὶ
748 2638 840 2694 δυσκά-

137 2740 247 2775 τακτον·
267 2723 373 2780 σπάνιον
393 2731 420 2784 δὲ
438 2735 529 2784 τοῦτο·
548 2734 593 2785 καὶ
612 2733 698 2802 ἕτερον
718 2727 839 2797 αἰδοιώδη

138 2810 225 2882 σχέσιν
245 2811 314 2885 ἔχον,
333 2814 511 2888 τελειοόμενον
531 2819 558 2872 δὲ
574 2814 686 2891 σκληρὸν
702 2809 772 2868 τοῦτ’
785 2815 838 2866 ἐστὶ

173 2899 178 2913 ι
261 2896 267 2914 ι

138 2916 182 2950 και
208 2917 331 2972 ταυροο
360 2905 504 2977 κεφαλῇ·
532 2900 783 2979 περικαταγνόμενον
811 2900 839 2953 δὲ

138 2983 277 3039 ἔνδοθεν
310 2989 388 3063 ἔχει
417 2997 547 3066 πυρῆνα
575 2995 678 3064 ἐλαίη,
699 2991 838 3061 ἑμφερῇ.

139 3071 220 3128 <idai
256 3077 289 3131 δὲ
325 3081 380 3132 καὶ
416 3077 472 3132 τὸν
505 3076 554 3133 ὑπ’
573 3081 646 3133 ἐνίων
677 3071 838 3144 καλούμενον

138 3162 251 3214 πῖλον·
288 3169 365 3218 τοῦτο
402 3163 424 3218 δ’
449 3167 502 3219 ἐστὶ
538 3166 655 3240 σφαιρίον
692 3161 838 3236 ἐριῶδες,

140 3247 305 3316 μαλακὸν,
337 3255 394 3326 περὶ
418 3255 535 3327 πορηνίιρ
563 3252 730 3325 σκληροτέρῳ
758 3266 839 3320 πεφυ-

140 3330 198 3393 κός·
234 3330 254 3407 ᾧ
281 3344 427 3412 χρῶνται
457 3339 537 3414 πρὸς
567 3338 645 3400 τοὺς
681 3335 838 3411 λύχνους·

139 3421 271 3477 καίεται
298 3422 353 3499 γὰρ
382 3428 501 3491 καλῶς,
530 3422 635 3500 ὥσπερ
661 3426 717 3478 καὶ
741 3419 758 3494 η
784 3423 839 3492 μέ-

140 3507 237 3562 λαινα
255 3512 363 3583 κηκίς.
389 3511 467 3566 Φύει
487 3514 520 3566 δὲ
538 3516 594 3566 καὶ
613 3514 726 3584 ἕτερον
747 3526 839 3580 σφαι-

141 3595 212 3666 ρίον
232 3593 338 3670 κόμην
364 3600 457 3673 ἔχον,
481 3598 514 3653 τὰ
537 3602 583 3671 μὲν
603 3594 669 3653 ἅλλα
688 3595 841 3672 ἀχρεῖον,

140 3680 224 3735 κατὰ
250 3683 363 3757 δὲτὴν
389 3683 523 3759 ἐαρινὴν
549 3681 631 3758 ὥραν
657 3687 839 3754 ἐπίβαπτον

141 3769 230 3842 χυλῷ
261 3773 430 3845 μελιτηρῷ
453 3774 497 3826 καὶ
523 3771 591 3826 κατὰ
620 3772 667 3845 τὴν
698 3768 766 3845 ἁφὴν
797 3771 841 3822 καὶ

140 3852 209 3908 κατὰ
226 3853 273 3928 τὴν
292 3864 383 3930 γεῦσιν.

212 3947 274 4012 §5-
322 3945 402 4001 Φοέι
433 3944 454 4000 δ’
473 3945 625 4021 ἐντεριώτης
653 3950 702 4000 τῶν
735 3946 840 4018 pondo

142 4033 355 4106 μασχαλίδας
392 4035 478 4107 ἕτερον
510 4035 664 4107 σφαιρίον
698 4027 841 4104 ἄμισχον

142 4120 198 4171 καὶ
233 4118 455 4196 κοιλόμοχον,
491 4121 554 4174 ἴδιον
590 4123 634 4174 καὶ
669 4119 841 4173 ποικίλον·

142 4203 220 4265 τοὺς
256 4209 302 4278 μὲν
338 4207 385 4281 γὰρ
422 4205 632 4280 ἐπανεστηκότας
673 4203 842 4280 ὀμφαλοὺς

143 4289 345 4354 ἐπιλεύκοος
364 4291 381 4367 ἢ
400 4296 667 4366 ἐπεστιγμένοος
693 4294 765 4367 ἔχει
789 4295 842 4363 μέ-

143 4380 257 4443 λανας,
277 4380 312 4434 τὸ
332 4378 353 4434 δ’
371 4379 432 4436 ἀνὰ
451 4384 550 4452 μέσον
570 4383 781 4453 κοκκοβαφὲς
800 4383 843 4432 καὶ

143 4464 275 4540 λαμπρόν·
296 4464 518 4540 ἀνοιγόμενον
538 4463 645 4521 δ’ἐστὶ
665 4468 768 4538 με’λαν
788 4468 843 4520 καὶ

144 4554 293 4627 ἐπίσαπρον.
321 4553 432 4609 Σπάνιον
447 4556 473 4609 δὲ
489 4550 658 4628 παραφόει
677 4554 732 4606 καὶ
750 4549 843 4606 λιθά-

144 4659 227 4711 ριον,
247 4643 406 4714 κισηροειδὲς
425 4643 466 4696 ἐπὶ
485 4643 586 4695 πλεῖον·
612 4641 648 4693 ἔτι
668 4636 690 4692 δ’
704 4633 767 4692 ἄλλο
786 4636 844 4692 τού-

143 4745 189 4779 του
220 4726 394 4801 σπανιώτερον
432 4726 594 4803 φυλλικὸν
631 4726 844 4798 συμπεπιλη-

965 2128 1048 2195 328.
1101 2120 1215 2174 Robur·
1259 2118 1395 2186 3133131
1438 2116 1595 2168 fructum

893 2209 1051 2278 pluruma
1076 2206 1176 2261 313113
1200 2205 1317 2274 313311.
1355 2218 1499 2270 namque
1529 2204 1596 2255 1311
1636 2220 1638 2247 ι

892 2300 924 2350 31
956 2296 1066 2364 331133
1097 2299 1280 2361 utrumque
1310 2306 1418 2360 genus
1448 2292 1482 2342 31
1513 2304 1596 2357 quae
1636 2322 1638 2365 η

892 2384 958 2437 iam
986 2383 1102 2436 veluti
1129 2398 1232 2448 mora,
1255 2381 1293 2432 'ni
1320 2379 1498 2430 distarent
1525 2374 1597 2428 arida

893 2470 1042 2538 duritie,
1072 2470 1228 2537 plerumque
1258 2467 1358 2534 caput
1388 2462 1483 2516 tauri
1515 2461 1595 2514 imi·
1636 2486 1638 2493 ‚

892 2556 1006 2610 tantia
1036 2557 1134 2624 quibus
1164 2556 1302 2607 tructus
1332 2553 1427 2604 inest
1455 2547 1595 2602 nucleis

893 2644 1009 2698 olivae
1038 2643 1178 2698 similis.
1216 2640 1410 2693 nascuntur
1437 2636 1473 2688 in
1501 2651 1539 2688 eo
1566 2636 1597 2687 31

893 2730 1025 2798 pilulae
1054 2731 1169 2783 nucibus
1197 2744 1249 2781 non
1276 2723 1422 2788 absimiles,
1447 2723 1524 2775 intus
1552 2722 1596 2774 ha·

892 2817 984 2870 beutes
1002 2817 1133 2870 floccos
1156 2813 1272 2866 moltis
1296 2812 1520 2864 lucernarum
1543 2807 1596 2861 lu-

891 2903 1047 2956 minibus
1071 2904 1178 2970 33133,
1215 2915 1276 2952 narn
1303 2901 1330 2952 31
1357 2898 1415 2951 3133
1444 2895 1503 2950 3133
1531 2895 1597 2948 113-

892 2992 1006 3058 grant,
1036 2988 1147 3043 sicuti
1176 2985 1268 3055 galla
1305 2986 1414 3052 31313.
1468 2984 1537 3036 1311
1567 2983 1599 3036 31

892 3076 994 3131 311331
1013 3074 1177 3129 1331113111
1196 3072 1344 3142 pilulam
1362 3087 1436 3125 oum
1455 3067 1598 3137 capillos

892 3180 998 3218 verno
1045 3165 1159 3216 tamen
1204 3162 1357 3228 13313313
1402 3155 1599 3224 melliginis

892 3252 976 3305 suoi.
1301 3252 1304 3257 ’

961 3340 1042 3406 §Q
1085 3337 1235 3405 gignunt
1267 3335 1301 3385 31
1331 3332 1401 3385 3133
1431 3346 1601 3384 ramorum

891 3424 966 3477 eius
985 3423 1114 3491 pilulas
1133 3437 1240 3490 corpore
1265 3437 1329 3474 non
1347 3416 1523 3486 pediculo
1543 3417 1601 3471 ad·

891 3511 1084 3578 haerentia,
1129 3508 1353 3562 candicantis
1397 3503 1600 3565 umbilicis,

893 3599 979 3650 cetera
1005 3596 1104 3664 31313
1121 3596 1299 3648 varietate
1323 3595 1495 3661 dispersa.
1532 3606 1602 3644 rne-

893 3683 948 3737 dia
979 3683 1076 3737 cocci
1108 3681 1428 3750 coloremhabont,
1464 3678 1601 3746 apertis

893 3772 1006 3824 autem
1030 3772 1102 3822 atra
1126 3768 1283 3822 inanitas
1310 3769 1372 3820 est.
1408 3764 1602 3832 aliquando

893 3849 1604 3925 3133311333313311333333313131113

894 3943 1105 3998 convolutas
1137 3941 1271 4010 pilulas
1303 3943 1330 3993 et
1364 3940 1398 3991 in
1434 3937 1604 3991 foliorum

894 4031 996 4085 venis
1026 4029 1176 4098 aquosos
1203 4027 1346 4082 nucleos
1376 4023 1604 4079 candicantis

894 4135 930 4171 ac
948 4110 1161 4184 tralucidae,
1186 4114 1348 4184 quamdiu
1372 4111 1495 4165 molles
1514 4111 1604 4171 sint,

894 4205 929 4257 in
948 4204 1079 4272 quibus
1098 4208 1132 4257 et
1150 4202 1287 4256 3311333
1305 4200 1505 4254 333333131.
1535 4215 1604 4252 313-

895 4291 968 4343 1311
994 4283 1605 4354 11313333311333113313313331-

895 4378 945 4430 133
964 4378 1105 4431 modum.
