3292 5436
129 362 146 416 8
148 396 255 415 ·····
275 361 361 434 ἕτεραι
385 363 413 416 δὲ
438 365 544 436 φέρουσι
568 367 613 418 καὶ
636 370 704 420 σῦκα
722 368 767 418 καί

55 443 188 506 ὀλόνθους
207 448 328 518 μέλανας,
352 443 483 522 άβροίτους
507 452 535 505 δὲ
556 448 663 512 τόυτους
687 448 767 524 ilani

56 534 204 605 ἐδωδίμους
223 537 346 608 φέρουσαι
365 537 393 591 δὲ
410 534 454 590 τὸν
475 531 582 592 ὄλονθον
599 533 704 593 ὄπισθεν
720 544 767 593 τοῦ

56 620 143 694 δρίου.

129 711 154 764 5.
192 705 263 782 τάχα
295 709 323 763 δὲ
356 712 400 763 καὶ
428 710 451 763 οἱ
478 708 621 785 πρόδρομοι
651 712 691 767 διὰ
720 712 768 786 τὴν

56 792 235 867 μαλακότητα
244 791 535 870 τυῦάέρυςπροτεροῦσί
544 802 768 855 τεκαὶπέττονται

57 882 170 953 μᾶλλον.

129 973 155 1026 6.
194 1008 235 1022 ...
255 971 299 1023 καί
312 966 386 1024 droia
400 969 511 1045 διφόροιν
525 978 607 1027 συκῶν
621 975 767 1046 λεγομένων

55 1053 169 1129 καρπός.

129 1146 155 1200 8.
270 1142 330 1205 τοὺς
352 1143 514 1218 προδρόμους
533 1147 558 1200 αἱ
578 1149 624 1217 μὲν
644 1150 767 1221 φέρουσαι

55 1230 114 1283 οἷον
134 1225 153 1301 ἥ
171 1249 202 1284 τε
219 1228 361 1302 luxuriari.

131 1332 206 1387 Haec
224 1351 277 1388 non
296 1337 404 1389 exstant
422 1337 492 1404 apud
510 1335 729 1404 Theophrastum.

130 1699 159 1752 Ο.
177 1697 208 1751 Ρ.
226 1696 248 1764 Ι,
269 1703 310 1765 13,
330 1704 358 1756 9:
387 1701 443 1754 ἐπεὶ
467 1702 511 1753 καὶ
534 1698 567 1753 τὰ
585 1701 713 1755 δοκοῦντα
732 1704 766 1756 δι-

53 1792 168 1859 καρπεῖν
197 1787 298 1859 μηλεῶν
325 1788 354 1839 τέ
381 1806 438 1839 τινα
468 1789 530 1859 γένη
558 1789 602 1840 καὶ
630 1783 713 1842 ἀπίων
739 1789 765 1842 έν

55 1870 164 1932 τούτοις
183 1869 294 1944 μάλιστα
312 1873 408 1944 γίνεται
425 1879 479 1931 τοῖς
496 1869 593 1933 τόποις.

132 2062 161 2116 C.
179 2060 210 2114 P.
228 2061 250 2128 Ι,
277 2066 318 2128 11,
342 2067 366 2120 3,
404 2059 440 2115 ‘ll
465 2066 511 2134 μὲν
536 2062 583 2137 γὰρ
609 2061 725 2137 άμπελος
748 2062 765 2136 ἡ

54 2149 207 2220 μαινομένη
218 2145 279 2224 τάχ’
292 2146 323 2203 dv
343 2146 437 2210 δόξειεν
455 2146 503 2204 oda
517 2147 617 2223 ἀλόγως
630 2151 766 2227 δέχεσθαι·

54 2241 97 2306 rip
114 2237 160 2307 μὲν
178 2232 226 2308 γάρ
246 2234 282 2308 μὴ
301 2238 433 2291 έππέττειν
458 2237 502 2291 τδν
527 2240 626 2312 καρπόν
646 2236 767 2311 δπολείμ-

55 2340 131 2394 ματα
148 2319 234 2375 πολλὰ
251 2329 362 2376 ποιεῖται
381 2320 522 2396 ὑγρότητος
540 2327 654 2397 γονίμου.

129 2405 163 2459 Η.
181 2405 212 2460 Ρ.
230 2406 280 2475 ΙΙΙ,
304 2414 330 2477 2,
354 2414 376 2467 1.
422 2411 473 2465 ίδια
497 2412 526 2465 δὲ
548 2413 611 2485 πρδς
629 2410 662 2467 τὰ
681 2408 766 2486 ἥμερα

53 2499 109 2547 τῶν
141 2490 235 2568 ἀγρίων
266 2491 408 2570 όψικαρπία
434 2519 463 2552 τε
494 2501 538 2553 καὶ
564 2496 636 2574 ίσχός
660 2539 666 2551 .
694 2540 699 2552 .
725 2538 731 2551 .
760 2543 765 2553 .

56 2581 180 2635 πεπαίνει
204 2601 233 2636 τε
259 2583 307 2656 γδιρ
334 2580 481 2659 ὀψιαίτερον
502 2588 547 2639 οιαὶ
564 2585 594 2640 τὸ
614 2581 769 2641 ὅλον-ἀνθεῖ

56 2669 105 2722 καὶ
124 2666 262 2738 βλαστάνει
281 2667 315 2730 ὡς
333 2671 375 2725 έπὶ
392 2670 422 2726 τὸ
441 2678 500 2727 πᾶν.

130 2753 158 2808 C.
186 2753 217 2811 P.
247 2755 269 2824 Ι,
299 2761 341 2822 15,
368 2761 398 2815 3:
427 2754 491 2813 αὐτὸ
519 2761 547 2813 δὲ
573 2756 640 2813 τοῦτ’
672 2755 702 2814 άν
730 2781 768 2821 τις

52 2838 202 2914 ἀπορήσειε
214 2842 256 2898 διὰ
267 2845 292 2897 τί
305 2843 338 2898 τὰ
351 2839 426 2918 όιγρια
436 2851 485 2900 τῶν
495 2842 600 2919 ἡμέριον
614 2844 767 2922 ἰσχυρότερα

54 2924 123 2982 ὄντα
141 2926 202 2990 τοδς
220 2929 336 3003 καρποὺς
355 2929 385 2985 οδ
403 2933 530 2986 πεπαίνει.
646 2965 651 2972 -

132 3015 160 3068 C.
179 3014 210 3068 Ρ.
229 3015 265 3084 Π,
292 3021 333 3082 11,
359 3021 399 3075 10.
437 3013 485 3072 όσο
504 3019 532 3072 δὲ
549 3021 768 3093 πολυκαρποῡντα

53 3099 96 3175 μή
113 3100 243 3177 βραχύβια
256 3105 323 3176 μηδὲ
334 3103 402 3180 ταχὺ
415 3102 539 3177 γηράσκει
551 3103 671 3180 καθάπερ
685 3102 767 3171 άπιος,

53 3185 205 3261 ἀμυγδαλῆ,
225 3191 284 3264 δρῦς
296 3192 341 3244 καὶ
353 3188 515 3265 πρεσβύτερα
527 3189 664 3264 γιγνόμενα
677 3214 768 3268 καρπι-

55 3273 166 3349 μώτερα
184 3273 303 3351 καθάπερ
322 3278 429 3352 έλέχόη.

132 3362 162 3418 0.
186 3362 216 3416 P.
240 3361 275 3431 ΙΙ,
306 3368 347 3430 11,
376 3369 401 3422 6.
446 3368 490 3419 καὶ
509 3366 537 3419 αί
562 3386 591 3437 γε
610 3367 706 3438 μηλέαι
724 3369 768 3420 καὶ

56 3448 260 3520 σκωληκοῦνται
282 3449 400 3526 τάχιοτα,
430 3452 525 3506 θᾶττον
552 3455 580 3506 δὲ
599 3455 625 3507 αὶ
644 3455 767 3525 γλυκεῖαι.

54 3536 105 3590 καὶ
128 3540 205 3590 τοῦτο
224 3534 352 3613 πάσχουσι
371 3541 416 3593 καί
434 3535 501 3599 ὅλως
519 3537 691 3613 γηράσκουσιν
718 3536 769 3614 οὐχ

56 3623 87 3677 αἱ
107 3624 204 3693 μηλέαι
223 3621 306 3696 μόναι,
328 3621 458 3680 ἀλλὰκαὶ
476 3623 542 3699 ῥόαι.

50 3757 53 3761 .
130 3707 164 3762 Η.
190 3706 220 3762 Ρ.
245 3709 294 3777 IV,
321 3714 362 3777 13,
387 3714 413 3767 2.
459 3709 588 3788 βραχόβια
615 3714 643 3767 δὲ
667 3715 712 3767 καὶ
735 3711 769 3767 τὰ

56 3800 171 3850 τοιαῦτα
189 3792 404 3868 ὁμολογουμένως
422 3799 475 3851 οἷον
494 3798 558 3870 porei,
579 3805 653 3871 συκῆ,
673 3801 768 3872 μηλέα.

132 3879 160 3933 C.
175 3880 206 3934 P.
220 3881 268 3949 lv,
288 3889 313 3950 9,
331 3888 355 3939 3.
393 3885 591 3957 οκωληκοῡνται
616 3886 644 3940 δὲ
666 3883 765 3958 μάλισθ’

55 3971 86 4024 αἱ
106 3969 210 4041 μηλέαι.

129 4400 159 4455 O.
177 4400 208 4454 P.
227 4400 264 4470 ΙΙ,
291 4405 332 4468 11,
361 4406 383 4459 1.
427 4400 461 4457 τὰ
488 4401 535 4476 γὰρ
564 4399 768 4458 πολυτοκοίτατα

53 4491 103 4543 οιαὶ
126 4485 252 4561 γηράσκει
275 4485 387 4564 τάχιστα
410 4491 454 4543 καὶ
477 4484 698 4543 ἀπόλλυται
719 4485 767 4543 ὅσα

55 4573 107 4648 γὰρ
127 4572 264 4649 πολυφόρα
282 4577 327 4629 καὶ
344 4572 509 4649 πολόιιαρπα,
536 4580 619 4630 ταῦτα
637 4577 681 4630 καὶ
700 4571 768 4637 όλιυς

53 4667 196 4736 οιαταγηρᾷ
219 4661 315 4716 θᾶττον
341 4664 386 4716 καὶ
410 4663 437 4716 έν
460 4668 515 4722 τοῖς
539 4659 687 4735 δμογενέσιν
713 4663 766 4717 οἷον

54 4744 197 4821 άμπέλυις,
217 4754 313 4812 συκαῖς,
331 4754 385 4810 τοῖς
403 4744 426 4800 τ’
440 4742 535 4809 ἄλλοις.

819 366 954 434 praeconis
990 367 1086 437 habet,
1122 387 1189 439 quas
1219 373 1334 427 Athenis
1370 375 1526 442 prodromos

820 456 924 507 vocant.
960 456 990 508 in
1007 456 1139 513 Laconico
1157 474 1252 527 genere
1271 476 1396 514 maxume
1414 464 1524 516 suntet

821 539 919 594 biferae
937 541 966 594 in
983 542 1090 599 iisdem.

889 1343 904 1410 §
932 1345 990 1399 114.
1035 1341 1067 1394 In
1092 1341 1144 1395 Cea
1161 1343 1250 1396 insula
1274 1345 1393 1411 caprifici
1416 1346 1524 1400 triferae

821 1428 893 1480 sunt.
929 1427 1015 1494 primo
1034 1429 1090 1483 letu
1108 1444 1223 1497 sequens
1242 1432 1376 1496 evocatur,
1400 1432 1525 1499 sequenti

822 1514 927 1567 tertius.
973 1514 1024 1568 hoc
1048 1515 1093 1568 fici
1118 1515 1311 1582 caprificantur.
1353 1518 1380 1570 et
1404 1518 1524 1585 caprifici

818 1602 909 1652 autem
927 1600 960 1654 ab
977 1600 1099 1654 adversis
1116 1600 1190 1655 foliis
1208 1606 1362 1656 nascuntur.

888 1703 993 1758 Biierae
1021 1707 1048 1758 et
1074 1705 1104 1759 in
1130 1705 1208 1760 malis
1236 1723 1267 1760 ao
1290 1707 1359 1774 piris
1384 1708 1525 1776 quaedam,

819 1789 894 1844 sicut
920 1791 947 1844 et
970 1807 1120 1858 praecoces,
1156 1793 1243 1847 malus
1271 1793 1405 1848 silvestris
1434 1793 1524 1847 bifera.

820 1892 935 1945 sequens
953 1877 1012 1931 eius
1031 1879 1134 1934 tructus
1157 1880 1219 1946 post
1231 1880 1368 1933 arcturum
1385 1879 1414 1932 in
1426 1881 1526 1947 apricis

819 1979 953 2016 maxume.

890 2068 985 2134 §lla
1021 2067 1099 2120 Vites
1127 2067 1237 2136 quidem
1264 2068 1292 2121 et
1317 2069 1422 2123 triferae
1450 2074 1525 2138 sunt,

821 2168 886 2220 quas
905 2154 938 2207 ob
957 2153 985 2206 id
1004 2153 1111 2208 insanas
1129 2157 1227 2207 vocant
1246 2193 1267 2206 ..
1283 2194 1306 2207 ..

890 2413 905 2479 ξ
926 2416 985 2470 116,
1013 2452 1091 2464 ...
1109 2412 1276 2468 silvestriora
1294 2416 1383 2469 omnia
1401 2417 1524 2470 tardiora.

820 2496 949 2565 quaedam
982 2514 1017 2550 ex
1043 2499 1088 2552 his
1116 2500 1223 2553 omnino
1253 2517 1302 2555 neo
1330 2503 1522 2556 maturescunt.

819 2584 885 2637 item
911 2600 978 2652 quae
1000 2586 1159 2639 subarantur
1176 2588 1222 2640 aut
1240 2603 1307 2656 quae
1333 2587 1525 2657 ablaqueantur

820 2669 946 2724 celeriora
963 2670 1101 2741 neglectis.
1136 2673 1201 2727 haec
1219 2675 1247 2727 et
1264 2673 1399 2729 fertiliora.

893 3018 909 3085 ἓ
928 3021 987 3073 117.
1022 3015 1071 3070 Est
1088 3017 1236 3070 etiamnum
1253 3019 1347 3072 aetatis
1366 3019 1524 3072 differentia.

820 3102 960 3172 amygdala
977 3103 1050 3156 enim
1065 3105 1092 3157 et
1108 3103 1185 3172 pirus
1197 3104 1226 3157 in
1239 3107 1346 3158 senecta
1361 3106 1529 3159 fertilissima

821 3191 853 3243 ut
870 3191 897 3242 et
915 3188 1076 3258 glandiferae
1095 3190 1121 3242 et
1140 3191 1275 3257 quoddam
1298 3208 1383 3260 genus
1404 3193 1527 3261 ficorum,

821 3278 923 3330 ceterae
949 3275 980 3328 in
1007 3274 1132 3343 iuuenta,
1166 3276 1323 3346 tardiusque
1350 3280 1522 3346 maturantes,

821 3362 892 3431 quod
905 3377 1030 3415 maxume
1040 3363 1147 3415 notatur
1156 3362 1185 3414 in
1194 3363 1307 3418 vitibus.
1327 3366 1526 3420 vetustioribus

820 3449 893 3503 enim
928 3449 1026 3502 vinnm
1067 3446 1183 3516 melius,
1223 3450 1339 3504 novellis
1379 3452 1525 3519 copiosius.

821 3535 958 3590 celerrime
994 3550 1058 3589 vero
1091 3536 1208 3589 senescit
1234 3538 1262 3591 et
1288 3537 1318 3590 in
1345 3540 1452 3591 senecta
1480 3539 1526 3590 dc-

820 3623 946 3676 teriorem
970 3623 1087 3676 fructum
1112 3623 1201 3691 gignit
1224 3622 1319 3678 melus.
1361 3640 1476 3693 namque
1500 3628 1527 3678 et

820 3709 924 3763 minora
951 3725 1029 3777 poma
1055 3710 1219 3776 proveniunt
1245 3712 1272 3763 et
1296 3710 1453 3765 vermiculis
1480 3711 1526 3765 ob·

820 3795 908 3848 noxia.
947 3795 1015 3863 quin
1032 3799 1060 3848 et
1077 3795 1107 3848 in
1124 3796 1184 3864 ipsa
1200 3797 1291 3850 arbore
1309 3798 1465 3852 nascuntur.

891 4057 906 4124 ἓ
927 4058 987 4112 118.
1023 4053 1105 4108 Ficus
1131 4055 1187 4109 sola
1210 4072 1246 4109 ex
1263 4055 1384 4110 omnium
1401 4057 1525 4111 arborum

820 4143 877 4195 fetu
894 4140 1058 4197 maturitatis
1077 4156 1158 4195 causa
1170 4142 1327 4209 medicetur,
1346 4142 1400 4196 iam
1415 4143 1526 4212 quidem

820 4226 1004 4297 experientis,
1025 4227 1151 4297 quoniam
1160 4228 1260 4284 maiora
1275 4229 1341 4283 sunt
1352 4229 1438 4297 pretia
1450 4245 1525 4297 prae-

819 4315 945 4382 posteris.

890 4400 987 4455 Omnia
1018 4400 1108 4454 eutem
1135 4400 1250 4454 celerius
1277 4404 1422 4456 senescunt
1450 4417 1525 4470 prae·

819 4487 940 4543 fecunda.
977 4486 1043 4556 quin
1066 4488 1094 4540 et
1111 4487 1235 4556 protinus
1259 4489 1412 4543 moriuntur
1436 4487 1526 4556 eliqua

819 4573 892 4628 caelo
918 4573 1117 4628 fecundidatem
1144 4589 1251 4628 omnem
1273 4573 1425 4641 eblandito‚
1454 4574 1525 4643 quod

819 4676 944 4715 maxume
962 4660 1067 4715 ritibus
1087 4660 1186 4716 evenit.
