3292 5436
794 121 878 275 .ξὸ

123 367 172 420 οιαὶ
197 366 392 438 μυρρίνην....
417 367 450 419 ἐν
474 372 519 438 τῷ
538 365 696 441 Ὀλύμπῳ
723 363 832 440 δάφνη

124 456 186 525 μὲν
204 449 327 524 πολλὴ,
353 449 516 526 μόρρινος
540 457 568 510 δὲ
593 450 660 515 ὅλως
684 450 732 509 οὐκ
757 455 833 508 ἔστιν.

197 553 242 609 Ἐν
269 556 297 610 δὲ
314 562 352 629 τῷ
366 555 458 632 Πόντῳ
482 561 558 632 περὶ
576 556 832 614 Παντικάπαιον
956 555 1215 627 circchsporum
1228 558 1403 614 Cimmerium
1421 559 1456 613 in
1471 557 1597 612 Panti-

124 641 339 717 οὐδ’ἕτερον,
359 646 482 719 καίπερ
503 644 761 708 σπουδαζόντων
780 646 834 698 καὶ
887 659 1011 711 capaeo
1046 644 1129 700 urbe
1165 646 1256 700 omni
1291 648 1388 702 modo
1415 645 1597 701 laboravit

128 728 238 785 πάντα
263 734 521 806 μηχανωμένων
546 731 627 806 πρὸς
651 730 710 793 τὰς
737 732 833 805 ἱερω-
886 727 1057 785 Mithidrales
1082 747 1131 785 rex
1148 735 1176 786 01
1193 733 1276 788 001011
1293 733 1397 789 incolae
1416 748 1596 788 sacrorum

126 816 245 878 οι1νας·
265 816 833 892 συκαῖὸὲπολλαὶααὶεὐμεγέθεις·
887 818 982 872 00110
1006 833 1110 872 causa
1133 817 1267 874 laurum
1290 807 1514 890 myrtumque
1542 819 1596 872 ha·

124 908 183 960 aui
207 903 281 979 ῥόαι
305 906 339 958 δὲ
361 904 711 979 περισκεπαζὸμεναι·
736 902 833 962 άιπιοι
887 903 979 973 bere,
1009 920 1075 958 11011
1094 907 1263 977 contigit,
1288 924 1352 962 cum
1370 908 1472 976 teporis
1491 906 1598 961 arbores

125 995 163 1048 δὲ
194 994 250 1047 καὶ
277 993 401 1064 μηλέαι
435 995 480 1046 καὶ
512 991 745 1055 παντοδαπώταται
778 997 834 1049 καὶ
886 989 1022 1046 abundent
1056 992 1112 1060 ibi,
1148 994 1302 1062 punicae
1337 996 1488 1064 1101000,
1532 993 1597 1046 iam

125 1080 277 1156 γχρησταί
296 1117 302 1130 .
320 1118 326 1130 .
344 1116 350 1130 .
367 1118 374 1132 .
393 1076 499 1152 πειίαη
525 1081 559 1135 δὲ
582 1083 638 1135 Ικαὶ
656 1078 758 1154 ἐλάτη
777 1084 833 1137 καὶ
888 1078 969 1132 mali
987 1079 1020 1132 01
1037 1078 1109 1148 piri
1126 1080 1410 1136 laudatissimae.

125 1168 230 1226 Δπίτυς
249 1163 310 1221 oria
329 1167 433 1231 ἔστιν,
458 1163 518 1223 οὐδὲ
537 1162 603 1228 ὅλως
622 1163 695 1251 οὐδὲν
715 1168 834 1241 {adador-
958 1185 974 1252 5
1003 1188 1060 1243 133·
1106 1185 1258 1255 00000000
1294 1186 1387 1240 eodem
1413 1186 1504 1240 00000
1533 1200 1598 1238 000

200 1272 265 1339 §1-
310 1267 395 1326 taut
419 1268 613 1358 φιλᾷψυχρα
636 1270 765 1348 τυγχάνει,
791 1274 836 1326 καὶ
889 1271 1012 1338 genuit
1053 1270 1205 1339 arbores,
1251 1272 1384 1342 pinum,
1429 1272 1598 1339 abietem,

358 1354 364 1374 l

128 1359 184 1413 ἔστι
223 1360 268 1413 καὶ
300 1379 352 1432 παρ
396 1355 471 1430 ἡμῖν,
515 1359 569 1414 οἷον
606 1357 727 1433 πεύκη,
768 1360 835 1434 δρῦς,
889 1357 1031 1426 piceam.

127 1443 235 1519 ἐλάτη
254 1447 311 1500 κτλ.

239 1586 401 1651 Secuntur
423 1587 579 1670 exempla,
604 1606 686 1670 qnae
709 1587 749 1651 ad
772 1589 934 1671 regionem
957 1586 1046 1651 urbis
1068 1585 1188 1651 Romae
1209 1587 1382 1670 pertinent.

240 1707 371 1789 Peragr.
398 1707 458 1772 137
483 1708 584 1772 100101
605 1728 678 1792 pars
702 1710 885 1773 0110111001
908 1728 1030 1792 paragr.
1057 1708 1121 1774 138
1151 1709 1349 1792 respondent
1371 1707 1478 1772 verbis
1501 1707 1600 1772 Theo·

130 1812 267 1895 phrasti,
300 1831 386 1895 qnae
417 1811 535 1891 adtuli;
566 1812 622 1877 sed
645 1813 723 1876 haec
745 1831 788 1877 ex
808 1811 1023 1898 Theophrasto
1053 1813 1122 1896 ipso
1148 1817 1336 1876 mutuatum
1359 1831 1431 1877 0000
1452 1811 1599 1875 Plinium

136 1935 202 1978 non
224 1921 312 1999 puto.
359 1915 422 1980 Sed
445 1921 511 1980 tota
533 1916 612 1980 haec
634 1935 708 2000 pars
730 1917 808 1981 inde
831 1937 850 1980 a
871 1936 994 2001 paragr.
1008 1916 1072 1981 134
1094 1935 1132 1980 ea
1156 1935 1226 1980 asse
1249 1917 1329 1979 mihi
1352 1916 1490 1998 videtur,
1516 1933 1597 1999 quae

131 2021 291 2083 continua
314 2021 373 2084 nni
398 2021 523 2084 auctori
547 2021 709 2085 debeatur.
761 2019 920 2105 Loquitur
949 2020 1076 2084 Plinius
1108 2021 1144 2083 in
1174 2040 1297 2105 paragr.
1323 2021 1387 2086 134
1409 2025 1440 2086 01
1465 2020 1529 2086 135
1561 2021 1598 2084 de

15 2206 19 2211 ι
134 2123 247 2202 modis,
278 2124 397 2207 quibus
431 2124 559 2188 arbores
592 2131 777 2207 nascantur,
807 2130 839 2189 et
861 2126 900 2189 de
923 2125 1103 2207 arboribus,
1135 2146 1218 2209 quae
1251 2129 1345 2190 certis
1368 2131 1497 2190 tantum
1519 2124 1598 2190 locis

131 2233 288 2308 crescant,
312 2229 443 2293 ethaeo
466 2248 534 2292 non
556 2227 770 2312 Theophrasto
792 2230 855 2313 ipsi
879 2228 987 2293 deberi
1010 2229 1165 2294 vidimus.
1210 2229 1249 2294 In
1279 2231 1320 2295 iis
1344 2249 1484 2314 qnoque,
1517 2247 1600 2313 qnae

134 2338 299 2412 secuntur,
331 2332 370 2397 de
392 2333 482 2414 10010,
512 2332 569 2396 ubi
594 2337 696 2398 certae
719 2332 845 2398 arbores
868 2321 1052 2417 nascantur,
1082 2332 1210 2398 Plinius
1240 2334 1393 2418 disputat,
1424 2352 1465 2397 ex
1489 2335 1596 2417 iisqne

131 2455 258 2520 paragr.
273 2436 336 2501 136
360 2440 425 2500 tota
448 2443 479 2501 et
501 2457 624 2521 paragr.
638 2437 699 2501 138
723 2438 825 2502 010101
846 2456 920 2521 pars
935 2456 1001 2501 non
1018 2438 1178 2503 debentur
1191 2438 1414 2522 Theophrasto.
1456 2435 1600 2514 Quibus-

132 2560 210 2613 cum
235 2560 310 2604 cnm
335 2549 401 2606 arte
424 2542 615 2606 cohaereant
630 2562 753 2625 paragr.
767 2540 828 2605 137
847 2546 879 2605 01
892 2542 1025 2605 initium
1040 2559 1163 2625 paragr.
1179 2541 1254 2624 138,
1276 2562 1383 2626 neque
1406 2539 1600 2606 verbotenus

133 2644 213 2708 haee
234 2645 441 2729 Theophrasti
473 2645 581 2710 verbis
603 2646 829 2729 respondeant,
860 2645 938 2710 haec
962 2665 1093 2730 quoque
1116 2665 1158 2711 01
1181 2647 1293 2712 eodem
1316 2651 1444 2710 anctore
1467 2651 1601 2731 sumpta

13 2760 16 2769 '
131 2766 205 2812 csse
228 2754 315 2832 puta.

242 2870 282 2934 ln
305 2871 512 2955 paragraphis
535 2859 724 2936 139-142
747 2869 874 2935 Plinius
896 2871 1042 2955 loquitur
1063 2871 1103 2936 de
1126 2873 1287 2955 cupressis
1310 2877 1341 2935 01
1363 2872 1415 2935 hic
1437 2873 1472 2935 in
1496 2874 1607 2956 priore

133 2979 225 3059 parte
247 2974 462 3060 Theophrasto
490 2996 556 3040 non
585 2994 665 3040 usus
694 2980 742 3040 est
764 2980 910 3054 auotore;
943 2974 1000 3039 sed
1021 2975 1098 3040 indo
1121 2996 1140 3040 0
1161 2975 1227 3040 fine
1249 2995 1371 3060 paragr.
1396 2977 1457 3041 141
1482 2996 1603 3043 rursus

139 3080 275 3164 vestigia
296 3078 502 3164 Theophrasti
525 3081 746 3145 inveniuntur.
1284 3073 1287 3079 ’

206 3234 333 3302 ΙΠ,1,6.
364 3233 488 3313 Ἐνιαχοῦ
508 3237 543 3301 δὲ,
563 3233 600 3290 ἂν
620 3234 723 3309 μόνον
743 3232 841 3311 ὑπερ·
965 3236 981 3303 ξ
1012 3240 1071 3295 141.
1225 3234 1313 3289 Huic
1341 3235 1456 3304 patria
1482 3236 1610 3292 insula

131 3322 306 3396 γαίσωνται
333 3326 378 3378 aui
406 3321 607 3397 κινήσωσιν,
635 3319 733 3385 εὐθὺς
762 3320 842 3378 άνα-
895 3322 1012 3391 Creta,
1049 3339 1210 3392 quamquam
1240 3322 1304 3378 Cato
1341 3322 1512 3376 Tarentinam
1547 3341 1610 3380 eam

131 3407 319 3473 βλαστάνει
340 3407 588 3482 τὰοίτιεῖατῆς
606 3408 730 3486 χώρας,
757 3407 840 3484 ὥσπερ
894 3408 1124 3479 10001101,οω(10,
1150 3411 1222 3479 quod
1240 3410 1360 3478 primum
1376 3425 1408 3465 00
1425 3410 1543 3465 venerit.
1581 3414 1610 3466 et

130 3501 167 3554 ἐν
191 3495 308 3571 Κρήτῃ
332 3494 546 3571 ascriptores.
583 3497 684 3552 Γίνεται
708 3499 736 3553 δὲ
759 3518 841 3573 παρα·
894 3497 923 3550 10
942 3496 1056 3550 Aenaria
1074 3497 1182 3551 succisa
1199 3497 1367 3566 regerminal.

134 3582 242 3657 πλήσιόν
261 3605 286 3638 τι
304 3581 389 3656 τούτῳ
408 3587 452 3638 καὶ
471 3585 497 3637 ἐν
516 3592 569 3644 τοῖς
588 3583 797 3640 ἐλάττοσιν....
966 3603 982 3670 ἓ
1012 3606 1070 3660 142·
1114 3603 1162 3656 000
1187 3603 1224 3657 jn
1252 3602 1354 3657 00000
1384 3618 1609 3673 0000000000

204 3687 252 3755 IV,
273 3691 296 3755 1,
316 3693 339 3746 3.
383 3688 409 3742 ἐν
428 3685 521 3762 ΚρήτηΙ
545 3694 605 3760 γοῦν
626 3710 702 3763 φασιν
721 3692 842 3751 ἐντοῖς
894 3689 930 3743 10
959 3689 1038 3744 1000
1069 3691 1193 3744 terram
1224 3688 1376 3744 moverit
1411 3688 1608 3759 quispiam,

128 3772 271 3835 Ἰδαίοις
308 3769 399 3848 ὄρεσι
435 3777 492 3830 καὶ
528 3776 561 3829 ὲν
597 3783 669 3838 τοῖς
705 3777 842 3839 λευκοῖς
895 3775 1057 3839 vinaturali
1075 3776 1159 3831 haec
1177 3776 1339 3845 gignitur
1361 3776 1624 3847 protinusque,

132 3864 366 3935 καλουμένοις
401 3863 455 3916 ἐπὶ
484 3866 544 3916 τῶν
576 3857 701 3937 ἄκρων,
739 3859 841 3939 οὗπερ
894 3863 1035 3930 emicat,
1059 3862 1107 3917 illa
1130 3880 1194 3918 vero
1218 3864 1301 3917 etiam
1324 3879 1377 3917 non
1395 3862 1530 3932 appellato
1549 3865 1608 3922 solo

131 3947 301 4004 οὐδέποτε
338 3951 508 4004 ἐπιλείπει
548 3948 642 4025 χιὼν,
683 3947 840 4025 κυπάριττον
895 3967 925 4005 ao
944 3950 1400 4020 spontemaxumequeinldaeis
1419 3952 1604 4007 montibus

133 4039 215 4092 εἶναι·
240 4038 387 4109 πλείστη
412 4034 459 4110 γὰρ
480 4032 546 4109 αὕτη
565 4043 612 4110 τῆς
631 4034 694 4110 ὕλης
712 4041 757 4093 καὶ
776 4034 842 4099 ὅλως
894 4036 1158 4106 0100001111)οε
1181 4040 1306 4093 vocant
1326 4037 1548 4106 summisque
1572 4040 1609 4094 10

131 4127 162 4179 ἐν
181 4130 214 4199 τῇ
234 4121 306 4197 νήσῳ
324 4125 369 4177 καὶ
388 4123 414 4176 ἐν
432 4130 487 4184 τοῖς
506 4118 599 4198 ὄρεσιν.
893 4125 965 4195 his,
1000 4125 1089 4180 unde
1120 4141 1303 4195 numquam
1328 4125 1431 4180 nives
1458 4124 1607 4195 absunt,

204 4228 306 4284 Eodem
329 4227 387 4282 1000
414 4227 619 4297 Theophrastus
638 4231 776 4284 00000000
799 4245 841 4284 af.
894 4211 1067 4280 pluruma,
1093 4212 1319 4281 0001011000,
1343 4211 1409 4266 alibi
1427 4227 1481 4265 000
1499 4212 1559 4268 nisi
1577 4214 1608 4268 in

135 4315 222 4383 bores,
241 4331 309 4382 quae
327 4314 439 4383 frigidos
457 4313 531 4369 10000
542 4317 645 4369 ament:
664 4317 732 4382 dola,
751 4315 840 4390 ἐλάτη,
894 4303 985 4371 telmre
1009 4298 1169 4368 proveniens
1194 4300 1222 4352 61
1244 4298 1379 4353 illimem
1403 4314 1499 4367 m³3¹¹⁰
1525 4317 1606 4370 ⁰P010

133 4398 271 4476 ἄρκευθος,
290 4399 445 4475 κη’λαστρος,
464 4400 561 4455 deinde
573 4403 675 4471 pergit:
693 4402 727 4459 τὰ
738 4400 762 4457 δ’
776 4399 844 4459 ἄλλα
895 4385 1044 4443 fastidiens·

133 4487 221 4545 πάντα
249 4489 341 4559 (eliam
370 4489 525 4558 cupressus)
563 4486 596 4550 ὡς
627 4491 706 4545 εἰπεῖν
744 4492 842 4562 μᾶλλον

122 4578 223 4652 -χαίρει
241 4582 295 4636 τοῖς
313 4576 466 4648 προσείλοις.

206 4678 234 4733 C.
253 4678 284 4732 P.
305 4683 329 4747 l,
354 4683 379 4744 8,
403 4683 433 4736 4:
460 4679 543 4754 φοῖνιξ
567 4682 595 4736 δὲ
619 4683 664 4737 καὶ
687 4678 843 4754 Ιιοποίριττος

132 4768 180 4821 οιαὶ
198 4764 285 4840 δάφνη
306 4765 427 4838 buconia}

89 4984 158 5116 a.
