3292 5436
846 121 885 184 16

245 326 333 390 Certe
364 328 448 410 apud
480 327 730 410 Theophrastum
763 328 857 392 verba
888 331 1000 392 tradita
1030 334 1086 416 ,τῇ
1113 329 1139 394 δ’
1154 330 1294 414 ἰδιότητιιι
1324 338 1475 418 corrupta
1506 340 1597 413 sunt3

146 432 336 513 postulatur,
370 438 406 494 ut
440 432 615 514 appelletur
648 430 739 494 arbor
773 434 891 516 aliqua,
925 436 956 497 in
990 455 1053 517 qua
1088 437 1220 517 cachrys
1250 442 1405 501 autumno
1437 445 1599 504 nascatur.

144 533 248 610 Quare
261 535 456 598 Winrmerus
480 537 606 618 scripsit
629 541 682 620 ,τῇ
698 534 726 598 δ’
742 531 779 621 dp
796 535 874 600 ἐατέ’(
898 537 1111 602 Schneiderus
1128 539 1197 620 (ill,
1217 540 1288 619 158)
1313 547 1367 627 ,τῄ
1384 542 1599 628 ὃιοαβαλάνιρ.“

141 639 207 701 Etsi
232 641 388 723 scriptura
410 638 577 703 Wimmeri
602 642 732 723 propius
756 641 887 704 adcedat
921 643 961 705 ad
989 643 1085 706 verba
1118 645 1242 726 tradita,
1274 655 1380 709 tamen
1413 649 1600 711 coniectura

140 744 322 808 Schneideri
347 745 423 806 mihi
448 745 549 826 magis
571 744 681 827 placet.
730 744 814 809 Nam
837 765 889 809 me
913 747 1040 829 quidem
1063 747 1170 810 iudice
1192 750 1504 815 recteSchneiderus
1525 771 1599 814 con·

143 849 244 911 tendit
274 854 416 930 oportere
438 849 490 910 hic
514 853 638 912 exstare
666 869 764 912 unam
789 869 829 912 ex
857 851 897 913 iis
921 849 1097 931 arboribus,
1121 872 1201 935 quas
1225 855 1372 936 cachrym
1395 855 1476 919 ferre
1502 855 1597 939 paulo

143 960 215 1016 ante
230 953 466 1035 Theophrastus
490 953 614 1015 dixerit.
650 951 698 1016 De
714 953 824 1017 robore
846 956 879 1016 iu
904 958 1072 1037 sententia,
1096 977 1179 1040 quae
1194 961 1359 1036 antecedit,
1384 961 1516 1023 locutus
1540 965 1596 1039 est,

139 1065 261 1122 restant
283 1054 400 1138 ,ἐλάτη
425 1055 526 1138 πεύκη,
550 1054 666 1142 φίλορα,
689 1056 793 1142 καρύα,
817 1056 1016 1142 διοαβάλανος,
1039 1057 1146 1132 πίτυς.“
1191 1062 1239 1127 De
1262 1065 1396 1145 cachrye
1418 1061 1547 1149 φιλύρας
1570 1068 1599 1126 et

141 1160 251 1246 καρύας
286 1166 395 1244 postea
433 1180 574 1224 seorsum
610 1161 789 1242 disseritur3
830 1163 869 1225 ad
904 1165 1051 1244 cachrym
1086 1164 1205 1250 ἐλάτης,
1243 1166 1361 1251 πεύκης,
1395 1165 1497 1239 τίτοος
1535 1187 1597 1231 non

143 1267 309 1349 quadrant,
334 1284 415 1348 quae
433 1266 585 1328 dicuntur
601 1265 640 1328 de
655 1263 880 1351 ,,ρολλοβολίᾳ.“
926 1265 1030 1342 Quare
1045 1275 1141 1334 restat
1157 1273 1224 1335 sola
1239 1272 1462 1358 ,,διοςβάλανος“
1483 1278 1518 1336 et
1541 1273 1598 1334 hoc

139 1371 330 1434 vocabulum
354 1369 567 1433 Schneiderus
590 1371 623 1432 in
649 1375 833 1434 contextum
858 1372 954 1455 recipi
981 1374 1057 1454 vult,
1080 1394 1131 1439 me
1155 1376 1286 1458 quidem
1308 1378 1414 1441 iudice
1436 1382 1535 1441 recte.

245 1473 370 1538 Deinde
394 1473 521 1537 Plinius
546 1493 582 1537 ea
606 1494 745 1558 quoque,
770 1494 852 1558 quae
873 1474 1106 1560 Theophrastus
1137 1480 1213 1543 dioit
1242 1481 1280 1545 de
1311 1481 1401 1563 bryo,
1434 1481 1526 1563 quod
1559 1481 1596 1544 sit

140 1581 303 1662 proprium
334 1576 555 1662 ἡρακλεωτικῆς
586 1577 705 1663 καρύας,
739 1580 778 1642 ad
815 1599 924 1645 omnes
959 1582 1124 1662 cachyras
1143 1585 1300 1648 transfert.
1356 1586 1462 1648 Etiam
1497 1584 1595 1650 verba

143 1686 305 1766 „continet
327 1681 480 1745 nucleum
502 1685 607 1767 pineis
638 1683 799 1756 similem“¹
819 1684 911 1748 valde
940 1686 1072 1749 confusa
1103 1694 1186 1751 sunt.
1245 1689 1330 1753 Dicit
1359 1690 1595 1771 Theophrastus

140 1789 265 1874 βροῶὸες
299 1788 390 1867 illud,
424 1786 511 1869 quod
544 1808 613 1850 nux
647 1787 866 1851 Heracleotica
900 1793 1026 1872 gignat,
1061 1811 1130 1855 esse
1164 1795 1376 1877 compositum
1411 1813 1453 1857 ex
1487 1795 1597 1876 parvis

144 1893 287 1977 partibus
311 1893 464 1966 ordinatis
487 1892 578 1954 utin
604 1911 685 1955 nuce
707 1894 807 1975 picea,
841 1893 887 1955 sio
910 1899 946 1955 ut
975 1896 1111 1977 speciem
1143 1898 1292 1979 praebeat
1322 1918 1386 1961 non
1417 1897 1596 1962 absimilem

146 2000 223 2060 nuci
246 2000 353 2081 piceae
385 1996 528 2060 novellae
555 2015 591 2059 ac
614 1996 719 2076 viridi,
747 2002 869 2080 postea:
905 1999 1040 2082 singulis
1073 2000 1247 2085 ,καλοκώδη
1277 1999 1473 2086 περικύρπιαέ*
1504 2002 1599 2064 nucis

143 2101 380 2165 Heracleoticae
402 2103 508 2164 inesse
530 2102 692 2164 nucleum.
741 2101 832 2164 Haeo
855 2100 982 2164 Plinius
1004 2107 1163 2167 contraxit
1193 2106 1285 2167 etad
1310 2125 1420 2169 omnes
1443 2105 1619 2186 cachryos

144 2206 314 2269 transtulit.
363 2205 462 2268 Plane
486 2206 583 2288 igitur
605 2206 738 2270 confusa
760 2207 837 2269 haec
860 2208 1077 2288 paragraphus
1100 2214 1158 2272 est.

213 2330 259 2387 ΙΙΙ.
279 2332 303 2386 7,
322 2330 350 2382 6:
384 2322 419 2378 ‘ll
439 2328 497 2397 μὲν
518 2322 574 2380 οὖν
600 2328 675 2398 δρῦς
697 2333 844 2382 τοσαῦτα
966 2328 1032 2394 §aa
1055 2330 1109 2383 tam
1122 2329 1339 2396 multiferasunt,
1356 2331 1410 2383 tot
1427 2345 1483 2383 res
1501 2346 1598 2397 prae·

141 2410 575 2489 φέρειπαρὰτὸνκαρτόν.
614 2410 710 2487 Οἱγάρ
730 2412 843 2488 μύκητες
896 2416 948 2465 ter
977 2413 1134 2481 glandem
1165 2409 1305 2483 pariunt
1334 2415 1469 2484 robora,
1497 2417 1547 2470 sed
1574 2419 1599 2469 et

140 2498 191 2555 ἀπὸ
219 2506 269 2554 τῶν
295 2502 368 2573 ῥιζῶν
393 2501 437 2552 καὶ
460 2497 531 2571 παρὰ
555 2497 601 2558 τὰς
626 2501 696 2572 ῥίζας
721 2499 844 2575 φυόμενοι
897 2499 998 2554 boletos
1026 2501 1182 2569 suillosque,
1213 2501 1291 2569 gulae
1320 2502 1471 2556 novissima
1500 2503 1598 2556 inrita·

141 2590 224 2641 κοινοὶ
242 2589 286 2640 καὶ
311 2588 405 2659 ἑτέρων
431 2586 501 2639 εἰσίν.
533 2581 705 2646 Ὡσαύτως
732 2589 765 2641 δὲ
789 2591 844 2642 καὶ
897 2589 992 2653 menta,
1017 2587 1065 2656 qui
1084 2587 1154 2641 circa
1177 2589 1278 2641 radices
1302 2587 1456 2656 gignuntur,
1483 2603 1598 2657 quereus

140 2671 157 2746 η
177 2674 258 2734 tito·
278 2675 322 2726 καὶ
338 2671 384 2744 γὰρ
405 2667 443 2726 et
450 2692 489 2744 τη
510 2671 628 2745 φύεται
646 2674 690 2727 καὶ
703 2674 729 2726 έν
743 2669 843 2734 ἄλλοις·
897 2673 1124 2741 probatissimum,
1143 2674 1329 2729 roborantem
1351 2677 1378 2727 et
1402 2690 1551 2744 cupressus
1574 2672 1599 2729 e't

140 2757 199 2815 ἀλλ’
219 2757 292 2814 οὐδὲν
311 2755 397 2832 ἧττον,
418 2753 501 2832 ὥσπερ
518 2758 632 2833 ,ἐλέχθη
657 2757 842 2834 πλειατορύρον
895 2758 976 2826 pinus
995 2758 1100 2814 noxios.
1136 2760 1259 2814 robora
1277 2761 1393 2814 lerunt
1411 2763 1445 2813 et
1463 2761 1599 2814 viscum

142 2848 218 2901 tetta.
264 2845 295 2900 El
320 2847 347 2899 δέ
370 2865 398 2916 γε
423 2843 455 2916 δὴ
478 2840 553 2898 καθ’
570 2841 726 2898 Ἡσίοδον
752 2849 843 2920 ρέρει
896 2847 928 2897 et
958 2845 1073 2913 mella,
1104 2848 1141 2898 ut
1175 2849 1297 2900 auctor
1325 2849 1378 2900 est
1407 2845 1598 2913 Hesiodus,

141 2937 216 3007 μέλι
237 2936 290 2987 καὶ
309 2934 436 3004 μελίττας,
456 2931 492 2984 ἔτι
511 2932 617 3003 μᾶλλον.
646 2927 742 2986 Φύεται
761 2928 784 2985 δ’
798 2928 842 2986 οὖν
895 2934 1052 3000 constatque
1082 2947 1176 2986 rores
1205 2932 1361 3000 melleos,
1386 2949 1401 2986 e
1426 2933 1537 3000 caelo,
1570 2934 1599 2985 ut

140 3024 184 3075 καὶ
215 3017 228 3073 ὁ
261 3015 447 3091 μελιτώδης
480 3011 554 3076 οὗτος
584 3015 689 3092 χυλὸς
720 3019 755 3071 έκ
785 3023 841 3072 τοῦ
894 3017 1024 3087 diximus,
1049 3017 1209 3072 cadentis
1236 3019 1597 3088 nonaliismagisin·
1628 3074 1630 3079 ,

141 3104 252 3181 ἀέρος,
272 3101 841 3177 έπὶταύτηὃὲράλισταπροσίζει.
895 3103 1012 3157 sidere
1045 3104 1238 3161 frondibus.
1286 3106 1432 3159 cremati
1463 3120 1598 3174 quoque

141 3192 209 3247 Φασὶ
228 3194 255 3246 δὲ
275 3194 329 3246 καὶ
349 3185 426 3245 ὅταν
451 3189 663 3263 κατακαυθῇ,
688 3191 842 3262 γίνεσθαι
895 3190 1031 3245 roboris
1049 3191 1202 3246 <ri-nerem
1225 3192 1399 3246 nitrosum
1422 3207 1499 3246 esse
1524 3208 1598 3246 cer·

140 3281 257 3353 λίτρον
277 3278 307 3338 ἐξ
326 3273 437 3349 αύτῆς.
895 3280 1042 3332 tumeat.

245 3367 308 3430 Hic
333 3367 410 3449 quin
437 3365 563 3427 Plinius
586 3369 712 3429 auctore
747 3385 826 3429 usus
859 3367 900 3430 sit
921 3367 1145 3450 Theophrasto,
1180 3367 1257 3429 mihi
1292 3367 1423 3450 quidem
1459 3365 1597 3430 dubium
1638 3414 1640 3423 .

142 3491 206 3534 non
232 3475 287 3534 est.
334 3469 395 3532 Sed
419 3467 566 3531 adhibuit
588 3469 682 3531 etiam
706 3468 805 3533 alium
829 3471 988 3553 quendam
1013 3475 1184 3552 auctorem,
1216 3489 1257 3534 ex
1288 3489 1352 3552 quo
1382 3470 1523 3552 sumpsit
1551 3488 1599 3564 ea,

145 3594 227 3659 quae
255 3574 295 3637 de
326 3573 439 3637 boletis
467 3572 638 3654 suillisque
667 3572 751 3637 dicit.
807 3573 889 3637 Nam
924 3593 999 3637 cum
1028 3573 1261 3658 Theophrastus
1296 3574 1430 3637 diceret:
1466 3572 1513 3649 ,οἱ
1544 3573 1599 3659 γὰρ

142 3677 267 3764 μύκητες
284 3727 290 3740 .
306 3727 312 3740 .
328 3725 335 3739 .
351 3673 440 3739 καινοὶ
463 3672 512 3739 καὶ
537 3674 643 3760 ἑτέραν
675 3673 771 3754 elatat
805 3677 883 3742 haec
916 3676 1022 3740 Plinio
1055 3697 1120 3741 non
1158 3678 1389 3757 satisfecerunt,
1425 3696 1523 3759 quam
1559 3676 1599 3740 ob

141 3802 207 3847 rem
230 3803 271 3846 ex
295 3783 356 3844 alio
381 3781 519 3865 quodam
542 3784 671 3844 auctore
694 3783 890 3845 accuratiora
912 3781 951 3844 de
973 3781 1032 3844 hac
1057 3800 1090 3844 re
1114 3787 1280 3846 mutuatus
1311 3786 1367 3844 est.
1415 3780 1525 3844 Cetera
1557 3798 1600 3844 ex

141 3885 353 3969 Theophrasto
377 3889 506 3967 sumpta
528 3889 613 3959 sunt,
650 3904 767 3967 magna
790 3903 831 3949 ex
853 3889 941 3968 parte
963 3884 1163 3949 verbotenus.
1209 3883 1376 3948 Mutuutus
1399 3890 1447 3948 est
1470 3884 1600 3947 Plinius

145 4009 186 4054 ex
202 3989 415 4072 Theophrasto
432 3990 524 4050 etiam
549 3986 619 4052 illa:
645 3994 701 4070 „ut
723 3993 833 4051 auctor
856 3987 1110 4052 eet·Hesiodus.“
1145 3987 1247 4070 (Oper.
1261 3988 1342 4051 230:
1367 3982 1513 4072 ούρεαιδὲ
1531 3987 1599 4073 δρῦς

142 4088 217 4179 ἄκρη
235 4094 286 4177 μέν
301 4115 333 4156 τε
353 4091 435 4177 φέρει
458 4089 610 4176 βαλάνους,
635 4090 727 4176 ρέααη
743 4089 775 4154 δέ
792 4089 943 4175 μελίττας.)
986 4091 1062 4156 Sine
1085 4090 1183 4154 dubio
1206 4110 1247 4155 ex
1271 4092 1329 4154 hoc
1352 4092 1421 4154 loco
1446 4091 1600 4174 adparere

144 4198 222 4260 mihi
238 4196 366 4259 videtur
381 4196 521 4258 Plinium
540 4194 716 4258 Hesiodum
740 4196 847 4278 ipsum
864 4214 929 4258 non
952 4196 1078 4279 legisse,
1106 4214 1180 4258 nam
1204 4201 1282 4258 tunc
1304 4214 1388 4257 eum¹
1402 4195 1599 4277 scripturum

142 4301 241 4364 fuisse
270 4305 364 4383 puto:
401 4299 532 4381 „robora
565 4299 673 4363 ierunt
695 4345 702 4360 .
721 4349 726 4362 .
746 4345 777 4361 ..
804 4306 835 4363 et
866 4300 973 4383 apes“,
1004 4299 1054 4363 vel
1088 4306 1123 4362 ut
1154 4298 1387 4382 Theophrastus
1424 4297 1540 4379 „mella
1570 4305 1601 4362 et

144 4405 250 4489 apes“,
273 4409 355 4467 certe
378 4409 457 4466 tunc
480 4402 592 4485 „apes“
617 4421 682 4465 non
706 4403 872 4470 omisisset.

211 4528 258 4591 III,
277 4528 302 4591 7,
320 4529 395 4580 3...
415 4525 459 4576 καὶ
486 4521 503 4596 ἠ
530 4529 618 4596 πρῖνος
642 4520 686 4576 τὸν
711 4529 842 4597 φοινικοῦν
965 4523 1041 4589 §32-
1078 4519 1172 4574 Omnis
1190 4523 1277 4575 tamen
1302 4519 1350 4573 has
1368 4519 1429 4573 eius
1447 4519 1524 4574 dotes
1545 4522 1601 4577 ilex

142 4610 246 4665 κόκκον.
896 4608 953 4661 solo
971 4607 1096 4675 provocat
1114 4623 1201 4662 cocco.

212 4700 314 4763 111,16‚
329 4701 358 4752 1:
380 4692 411 4750 ‘e
431 4701 518 4770 πρῖνος
616 4697 689 4770 φέρει
706 4692 778 4773 παρὰ
795 4693 843 4768 τὴν

143 4781 255 4857 βάλανον
274 4782 318 4836 καὶ
336 4779 432 4836 κόκκον
450 4779 508 4835 τινὰ
525 4785 665 4855 φοινικοῦν.
