3292 5436
800 90 840 154 51

198 295 287 372 Quae
309 299 344 360 in
368 317 489 381 paragr.
508 298 570 363 123
593 297 783 362 adferuntur
804 298 918 362 abietis
941 300 1077 382 propria,
1099 299 1312 382 Theophrasto
1336 300 1443 366 deberi
1458 310 1548 386 puto,

88 401 150 466 sed
178 402 311 464 confusa
328 410 414 465 sunt.
449 400 531 464 Cum
547 403 632 466 enim
649 402 735 485 prior
750 401 957 485 Theophrasti
981 405 1138 467 sententia
1153 405 1310 487 pertineat
1325 403 1365 467 ad
1384 408 1550 472 caudicem

86 505 316 589 significetque
347 516 466 570 ceteras
497 505 625 570 arbores
656 505 789 570 caudice
820 506 927 570 deciso
959 508 1183 589 regerminare,
1213 508 1276 571 nisi
1306 509 1428 574 radices
1457 518 1550 576 antea

87 610 196 674 laesae
219 612 296 691 sint,
326 610 456 674 laricem
485 617 591 674 autem
621 617 654 675 ct
676 610 812 675 abietem
835 616 916 674 totas
937 611 1092 675 radicitus
1119 612 1231 676 eodem
1254 631 1339 675 anno
1361 615 1550 698 inarescere,

87 714 189 777 etiam
211 720 302 797 tnnc,
325 715 353 778 si
376 734 530 779 cacumen
547 720 674 778 tantum
697 713 920 796 (sccaudiois)
942 716 1086 798 praecisa
1101 717 1153 795 sit,
1175 715 1303 779 Plinius
1318 717 1402 781 hanc
1419 738 1550 803 quoque

85 825 128 880 ut
152 819 283 882 alteram
306 819 345 882 ad
368 838 472 882 ramos
494 819 659 882 transtulit
681 824 712 883 et
735 819 811 881 hnic
836 838 968 902 quoque
990 825 1026 884 ut
1049 820 1139 883 alteri
1161 823 1338 885 sententiae
1355 823 1548 888 divisionem

85 922 213 1003 intulit,
249 923 295 986 sic
325 929 362 987 ut
390 923 475 986 dicat
503 921 747 1005 „cacuminibus
779 922 894 986 decisis
924 925 1070 1011 moritur,
1100 926 1173 986 totis
1205 924 1402 990 detruncatis
1426 928 1550 1010 durat“,

87 1046 168 1090 cnm
198 1045 249 1091 me
279 1027 410 1110 quidem
447 1027 554 1091 iudice
581 1026 771 1109 particulam
801 1022 889 1102 ,‚aal“
918 1032 990 1108 post
1019 1024 1224 1102 „adalvovtad
1259 1029 1416 1094 omitteret
1446 1034 1550 1097 etsie

84 1131 209 1214 legeret
231 1130 344 1215 „aedua
368 1129 401 1195 δὲ
422 1128 472 1194 καί
489 1129 579 1212 ἐλάτη
596 1126 716 1200 τελείως
819 1127 996 1207 adulterant,
1020 1130 1071 1194 έάν
1091 1130 1124 1193 τὸ
1148 1126 1236 1218 ἄκρον
1257 1133 1410 1219 ἐπικσπῇιέ,
1435 1135 1551 1200 deinde
1635 1130 1639 1135 ⁵

90 1235 260 1319 suppleret
291 1237 366 1299 totis
395 1235 590 1299 detruncatis
624 1233 750 1299 arbores
785 1235 907 1299 durare.
964 1233 1053 1310 Quae
1087 1235 1202 1300 deinde
1236 1236 1363 1300 Plinius
1399 1238 1477 1301 dicit
1511 1240 1550 1304 de

88 1339 261 1404 arboribus
291 1338 330 1402 ab
361 1339 466 1404 radice
495 1337 686 1402 bracchiatis
714 1344 745 1402 et
778 1338 817 1403 de
839 1337 1007 1403 arboribus
1029 1340 1063 1401 in
1087 1343 1254 1404 cacumine
1282 1343 1427 1423 ramosiS,
1464 1343 1549 1425 apud

86 1444 343 1526 Theophrastum
367 1463 530 1526 nusquam
554 1443 775 1505 inveniuntur.

195 1547 222 1610 Ε
256 1567 378 1631 paragr.
412 1548 475 1612 124
508 1546 598 1610 nulla
626 1545 688 1608 alia
720 1546 784 1609 nisi
819 1551 964 1610 extrema
993 1548 1151 1610 sententia
1186 1547 1227 1612 de
1260 1550 1358 1612 ramis
1392 1550 1549 1615 malorum

82 1651 303 1736 Theophrasto
328 1651 435 1716 deberi
457 1659 602 1735 possunt.

196 1754 285 1831 Quae
313 1766 387 1818 cunt
417 1757 460 1818 ita
492 1756 566 1834 sint,
600 1773 651 1818 res
680 1754 740 1816 hoo
765 1753 865 1831 ,modo
895 1772 929 1817 se
963 1752 1078 1818 habere
1112 1762 1201 1837 puto,
1234 1761 1271 1819 nt
1301 1755 1439 1839 Plinius,
1474 1777 1550 1821 cnm

81 1858 228 1924 vidisset
249 1859 499 1943 Theophrastum
524 1859 562 1922 de
585 1859 644 1921 hac
666 1877 700 1921 re
727 1859 925 1921 accuratiora
947 1877 1012 1921 non
1036 1857 1167 1940 tradere,
1193 1861 1378 1942 praesertim
1402 1862 1550 1945 exempla

83 1982 157 2027 non
181 1963 310 2044 adferre,
341 1964 441 2027 alium
471 1970 632 2026 auctorem
663 1961 844 2025 adhibuerit
875 1967 906 2024 et
936 1961 1025 2024 hunc
1052 1980 1109 2045 per
1139 1966 1236 2025 totam
1263 1963 1346 2027 hanc
1370 1966 1473 2048 operis
1497 1967 1547 2028 sui

85 2073 214 2152 partem
236 2073 367 2131 secutus
390 2069 447 2143 sit,
470 2067 684 2151 Theophrasto
708 2070 816 2129 autem
840 2064 963 2147 debeat,
987 2084 1069 2148 quae
1092 2067 1126 2128 in
1150 2085 1273 2150 paragr.
1297 2067 1359 2131 123
1382 2069 1422 2133 de
1444 2068 1548 2132 abiete

85 2172 180 2236 dicit.
226 2171 372 2265 Fortasse
402 2172 497 2235 etiam
521 2179 697 2236 extremam
719 2190 839 2254 paragr.
867 2168 928 2233 124
956 2171 1149 2234 sententiam
1173 2189 1215 2234 ex
1236 2169 1449 2255 Theophrasto
1477 2173 1548 2256 ipso

84 2280 260 2351 mutuatus
290 2280 346 2354 est,
376 2295 451 2338 nam
478 2276 572 2359 plane
603 2278 687 2338 inter
716 2293 751 2338 se
780 2275 985 2338 consentiunt
1015 2274 1112 2337 verba
1142 2276 1322 2358 utriusque,
1353 2281 1385 2340 et
1409 2279 1547 2359 quaein

89 2400 216 2464 paragr.
245 2378 307 2443 125
330 2378 457 2443 Plinius
481 2385 598 2461 narrat,
621 2397 751 2463 prorsus
765 2377 961 2460 respondent
971 2364 1318 2461 Theophrasti'verbis,
1343 2400 1425 2463 quae
1441 2381 1547 2444 statim

85 2487 126 2547 in
152 2483 262 2548 cadem
286 2484 482 2567 paragrapho
505 2488 669 2564 secuntur,
692 2487 729 2545 ut
750 2481 827 2545 inde
849 2500 887 2545 ea
910 2488 1038 2565 sumpta
1061 2499 1130 2545 esse
1153 2481 1311 2565 adpareat.

919 2604 1020 2671 §mu
1074 2601 1253 2658 Ramorum
1288 2603 1403 2672 aliqui
1439 2604 1552 2671 caeci,

850 2689 909 2757 qui
928 2706 992 2743 non
1011 2690 1220 2758 germinant,
1246 2691 1335 2759 quod
1353 2693 1478 2744 natura
1495 2690 1552 2758 iit,

850 2777 881 2830 si
908 2793 974 2831 non
1001 2777 1179 2847 evaluere,
1209 2782 1256 2832 aut
1283 2794 1374 2847 poena,
1404 2793 1467 2832 curn
1495 2777 1552 2830 de·

850 2867 992 2932 putatos
1009 2865 1164 2918 cicatrix
1181 2865 1373 2921 hebetavit.

160 2603 182 2672 l,
208 2608 233 2670 8,
257 2609 282 2661 4.
329 2601 403 2657 Εἰσὶ
430 2604 464 2657 δὲ
490 2608 548 2656 τῶν
574 2598 657 2664 ὄζων
683 2603 713 2656 οἱ
738 2604 795 2674 μὲν

81 2693 223 2768 τυφλοὶ,
252 2693 276 2745 ol
304 2693 331 2745 δὲ
358 2687 466 2763 γόνιμοι.
519 2687 595 2760 Λέγω
622 2690 650 2742 δὲ
676 2687 796 2762 τυφλοὺς,

84 2777 143 2855 ἀφ’
163 2775 202 2833 ὧν
230 2781 350 2852 μηδεὶς
377 2774 530 2849 βλαστός.
574 2771 653 2831 Οὗτοι
686 2776 714 2830 δὲ
740 2777 798 2829 καὶ

83 2865 186 2943 φύσει
210 2869 256 2921 καὶ
279 2863 572 2940 πηρώσειγίνονται·
601 2859 618 2933 ἢ
646 2857 725 2916 ὅταν
754 2861 797 2934 μὴ

83 2956 175 3028 λυθῇ
207 2958 264 3009 καὶ
294 2951 517 3026 έκβιάσηται,
544 2946 572 3022 ἢ
604 2947 682 3004 ὅταν
717 2945 797 3002 ἀπο-

84 3047 179 3116 κοπῇ
198 3043 255 3095 καὶ
273 3042 344 3095 οἷον
365 3037 560 3097 έπικαυθεὶς
578 3036 727 3109 πηρωθῇ.

160 3135 185 3187 5.
218 3125 271 3188 Ὣς
294 3125 354 3200 γὰρ
381 3122 489 3189 baites
512 3126 545 3186 ,έν
570 3130 642 3183 τοῖς
667 3116 796 3184 ἄλλοις,

87 3213 178 3273 οὕτω
196 3217 254 3270 καὶ
272 3211 447 3289 ὀφθαλμὸς
472 3214 504 3266 έν
525 3209 664 3283 ἀμπέλῳ
690 3212 746 3263 καὶ
765 3211 796 3262 έν

86 3301 234 3377 καλάμῳ
253 3299 339 3375 γόνυ.

160 3389 233 3444 Haec
253 3405 305 3442 non
323 3390 430 3440 exstant
448 3385 519 3455 apud
537 3384 756 3452 Theophrastum.

160 3475 184 3541 I,
202 3482 227 3542 9,
248 3481 271 3532 1.
302 3471 395 3528 Ἔστι
414 3477 460 3546 μὲν
480 3468 525 3527 οὖν
543 3471 583 3526 τὰ
602 3475 659 3545 μὲν
673 3472 720 3532 είς
736 3475 798 3543 μή·

55 3618 60 3624 ,
88 3585 149 3624 τιος
169 3559 335 3634 adiuuant
354 3559 466 3632 μάλιστα
484 3557 502 3632 ἢ
521 3559 596 3633 μόνα,
616 3562 669 3614 οἷον
683 3555 798 3630 ἐλάτη,

88 3650 217 3726 φοῖνιξ,
241 3646 462 3722 κυπάριττος,
490 3650 547 3702 καὶ
570 3643 655 3706 ὅλως
679 3644 717 3700 τὰ
741 3665 799 3717 po-

86 3739 289 3812 νοστελέχη.

160 3823 227 3891 Ῑςὸ,
246 3829 271 3880 1.
302 3818 377 3876 Ἔστι
401 3820 434 3894 δὴ
458 3821 556 3893 τὰμὲν
577 3818 730 3894 ὀρθοφυῆ
754 3820 799 3872 καὶ

88 3911 354 3986 μακροστελέχη
390 3906 510 3981 καθάπερ
545 3906 640 3980 έλσίτη,
677 3904 798 3977 πεύκη,

87 3996 257 4072 κυπάριττος.

160 4084 212 4152 Ill,
241 4088 283 4153 13,
309 4088 333 4141 1.
372 4079 450 4137 Ἴδιον
478 4084 506 4137 δὲ
533 4086 566 4155 τῇ
591 4079 665 4155 φύσει
694 4079 797 4152 δένδρον

88 4172 103 4228 ὁ
123 4169 272 4247 κέρασός
296 4172 358 4235 ἐστι,
383 4169 487 4242 μεγέθει
512 4172 558 4240 μὲν
579 4172 658 4240 μέγτυ
683 4168 728 4220 καὶ
750 4164 797 4238 γὰρ

88 4263 127 4322 εἰς
155 4262 282 4331 τέσσαρας
308 4260 353 4312 καὶ
381 4258 462 4312 εἴκοσι
488 4253 582 4330 πήχεις
610 4249 726 4313 αὔξεται·
761 4253 798 4305 ἔτι

88 4345 113 4402 δ’
128 4332 258 4421 ὀρθοφὺες
276 4343 390 4419 σφόδρα·
415 4341 501 4419 πάχος
527 4344 562 4406 δὲ,
587 4337 651 4395 ὥστε
676 4341 734 4393 καί
752 4339 799 4392 δί-

88 4452 201 4508 πηχυν
234 4430 294 4504 την
322 4431 526 4504 περίμετρον
561 4425 612 4482 ἀπὸ
645 4432 692 4499 τῆς
728 4427 799 4498 ῥίζης

88 4523 195 4596 ἔχειν.

161 4605 184 4673 L
212 4610 237 4672 9,
267 4609 290 4663 1.
339 4600 432 4659 ”Euro
464 4598 601 4660 ὃέὖθύς
628 4601 798 4675 σχίζεται,

88 4695 163 4750 οἷον
182 4690 202 4764 ἡ
220 4693 337 4765 μηλέα.

920 3139 1005 3192 quae
1040 3123 1204 3178 dividuis
1239 3124 1274 3177 in
1310 3140 1399 3178 ramo
1429 3127 1554 3177 natura

849 3212 917 3276 est,
935 3210 1019 3263 haee
1037 3210 1108 3264 viti
1125 3211 1161 3263 in
1179 3210 1293 3278 oculo,
1313 3210 1502 3265 harundini
1517 3210 1553 3265 in

849 3296 1020 3365 geniculo.

921 3383 1042 3438 omnium
1060 3385 1144 3436 terrae
1162 3398 1293 3452 proxuma
1311 3383 1449 3437 crassiora.

919 3467 1220 3539 inlongitndinem
1233 3473 1437 3523 excrescunt
1451 3468 1553 3536 abies,

850 3557 928 3624 larix,
956 3557 1080 3627 palma,
1107 3571 1312 3626 cupressus,
1342 3555 1434 3608 ulmus
1460 3557 1494 3608 et
1522 3555 1553 3607 si

852 3660 916 3712 qna
934 3645 1133 3712 unistirpia.

920 4090 1131 4128 ramosarum
1155 4089 1300 4128 cerasus
1322 4073 1428 4126 etiam
1452 4074 1481 4127 in
1502 4071 1555 4125 XL

850 4163 1004 4216 cubitorum
1031 4161 1114 4215 trahis
1141 4159 1246 4228 aequali
1271 4175 1317 4226 per
1340 4159 1428 4212 totum
1452 4159 1554 4212 dnum

851 4249 1052 4302 cubitorum
1069 4246 1312 4301 crassitudine
1331 4246 1472 4314 reperitur.

922 4594 1087 4664 quaedam
1114 4592 1234 4647 statim
1260 4593 1295 4646 in
1323 4607 1432 4646 ramos
1457 4607 1554 4660 spar-

852 4685 995 4751 guntur,
1014 4683 1052 4733 ut
1068 4679 1158 4734 mali.

1320 4816 1349 4860 40
