3292 5436
797 104 927 199 ιι,

48 350 51 355 -
85 305 229 383 ἀχρεῖος
257 310 298 363 δέ.
341 306 441 382 Φέρει
464 311 521 363 καὶ
544 307 604 378 τὴν
629 310 719 381 ἑτέραν
744 305 791 378 τὴν

84 395 272 466 μέλαιναν,
292 389 308 466 ᾗ
328 393 366 447 τὰ
386 396 459 467 ἔρια
478 393 677 465 βάπτουσσν.

159 482 292 546 111,5,1·
336 478 436 534 Γίνεται
467 482 495 535 δὲ
525 485 603 534 τοῦτο
634 483 707 553 περὶ
737 480 792 532 τὸν

68 566 344 638 -σκιρσφοριῶνα
368 564 522 638 λήγοντα.

159 657 185 708 2.
221 649 298 705 Κατὰ
317 652 344 705 δὲ
367 650 464 724 ταύτην
492 653 540 724 τὴν
569 650 708 724 βλάστησιν
736 650 795 703 καὶ

84 733 106 807 ἠ
126 738 225 809 κηκὶς
243 733 363 810 ιράστσι
382 743 452 792 πᾶσα
465 735 632 810 cuthlacus}
650 740 695 792 καὶ
713 733 730 809 ἡ
750 739 794 807 μέ-

90 825 179 877 λαινα.
198 820 326 878 dierat
344 825 377 879 δὲ
397 820 434 885 ὡς
452 827 503 879 ἐπὶ
521 823 557 879 τὸ
576 823 657 879 πολὺ
676 821 796 881 νυκτὸς

87 906 239 980 ἀθρόως·
273 905 322 982 ἐφ’
352 906 482 983 ἡμέραν
520 912 553 965 δὲ
590 912 666 983 μίαν
699 905 796 980 συξη·

87 996 204 1060 θεῖσα,
257 994 338 1067 πλὴν
387 1002 442 1070 τῆς
493 994 691 1059 πιττώδους,
740 992 796 1048 ἐὰν

47 1072 52 1083 ’
89 1077 154 1136 tal
174 1079 349 1153 καύματος
373 1084 500 1157 ληφθῇ,
526 1083 721 1157 ξηραίνεται
744 1085 797 1136 καὶ

89 1165 238 1239 άναυξὴς
266 1169 319 1222 ἐπὶ
345 1168 381 1223 τὸ
410 1172 527 1242 μεῖζον
556 1170 661 1242 [ἐγίνετο
689 1168 736 1242 γάρ
766 1166 796 1222 άν
820 1223 823 1228 .

92 1258 190 1328 μείζων
209 1260 247 1326 τῷ
263 1255 387 1327 pertha}
423 1253 517 1329 Διόπερ
536 1259 625 1318 τινὲς
643 1252 745 1309 αὐτῶν
766 1251 795 1308 οὗ

95 1344 184 1414 μεῖζον
204 1343 323 1416 ἔχουσι
342 1339 471 1414 κυάμου
489 1341 525 1397 τὸ
544 1342 695 1415 μέγεθος.
710 1339 744 1394 Ἡ
764 1343 796 1395 δὲ

93 1422 796 1503 peramanttatalztoorqptpaaedqlo-

845 323 897 375 que
915 307 1028 362 miuus
1051 307 1233 375 probatam.
1270 308 1337 361 iert
1359 311 1393 360 at
1415 308 1546 376 nigram

845 393 945 447 -duo
963 395 1034 447 enirn
1049 409 1142 460 genera
1156 398 1265 447 sunt—
1283 395 1364 447 haec
1383 393 1545 459 tinguen-

846 479 900 531 dis
918 478 1008 531 lanis
1028 477 1160 533 utilior.

918 653 993 718 §aa
1036 651 1203 704 Nascitur
1226 655 1338 704 autern
1362 648 1451 718 galla
1476 650 1547 704 sola

848 738 1549 805 degeminisexeuntecrumpensnoctu

849 838 985 890 semper
1012 822 1188 876 universa.
1235 823 1369 875 crescit
1402 839 1467 877 uno
1493 823 1549 875 die

850 908 1042 962 candidior
1065 910 1111 974 et,
1139 907 1170 961 si
1195 911 1295 962 aestu
1318 912 1463 976 excepta
1485 912 1549 974 est,

850 995 981 1048 arescit
1008 996 1130 1062 protinus
1154 1011 1266 1062 neque
1290 995 1330 1048 ad
1348 995 1479 1048 iustum
1496 993 1549 1047 in·
1595 1000 1596 1005 ’

850 1084 1059 1133 crementum
1105 1080 1281 1148 pc1·venit,
1326 1080 1377 1134 hoc
1421 1083 1475 1145 est,
1520 1083 1551 1133 ut

850 1167 974 1221 nucleum
1022 1167 1117 1220 iarbae
1164 1166 1402 1234 magnitudine
1448 1165 1550 1219 habeat

849 1255 949 1321 nigra
976 1254 1117 1307 diutius
1145 1253 1238 1305 viret
1267 1252 1483 1320 crescitque,
1515 1255 1552 1305 ut

849 1341 1023 1394 interdurn
1061 1340 1141 1392 mali
1171 1341 1343 1406 compleat
1379 1338 1551 1406 magnitu·
1595 1404 1596 1408 Ἰ

850 1427 971 1481 dinem.

93 1511 153 1587 ράς
172 1516 241 1569 ἐστι
260 1517 317 1569 καὶ
335 1512 516 1576 αὐξάνεται
535 1519 590 1571 καὶ
609 1512 796 1586 λαμβάνου-

94 1621 146 1654 σιν
166 1602 238 1655 ἔνια
258 1603 398 1673 μέγεθος
417 1602 531 1676 μήλου.

202 1706 320 1787 Verba,
356 1728 438 1791 quae
471 1709 610 1791 legimus
644 1707 730 1792 apud
757 1707 1021 1790 Theophrastum:
1057 1704 1183 1792 ,,ὲγίνετο
1217 1706 1272 1791 γάρ
1307 1701 1341 1769 ἂν
1376 1704 1482 1791 μείζων
1516 1710 1557 1790 τῷ

98 1808 238 1895 μεηέθεθι
263 1812 341 1894 quid
365 1812 425 1874 sihi
451 1812 558 1892 velint,
581 1812 666 1874 haud
691 1813 848 1896 intellego.
894 1812 1107 1877 Schneidcrus
1130 1813 1176 1875 sic
1200 1812 1311 1874 vertit:
1345 1811 1442 1892 „alias
1466 1812 1552 1873 enim

96 1914 354 1997 magnitudinem
389 1917 603 1999 acquireret‘3
639 1935 736 1998 quem
770 1936 900 1980 sensum
935 1917 1012 1980 haec
1047 1916 1143 1980 rerba
1176 1916 1202 1979 si
1236 1914 1384 1997 praebere
1420 1915 1553 1997 possint,

100 2024 187 2081 certe
209 2020 391 2101 parenthesi
418 2019 625 2083 includantur
648 2039 777 2084 necesse
806 2022 847 2084 sit
874 2027 1000 2104 propter
1030 2040 1169 2103 sequens
1192 2019 1384 2082 vocabulum
1407 2016 1554 2102 ,,διόπερ“,

96 2123 185 2204 quod
207 2142 272 2185 nou
296 2124 336 2186 ad
360 2126 442 2187 hanc
466 2126 669 2206 sententiaro,
699 2125 754 2188 sed
777 2126 818 2189 ad
841 2145 922 2207 eam,
951 2145 1034 2209 quae
1063 2124 1232 2210 praecedit,
1262 2122 1463 2187 referendum
1498 2130 1554 2184 ost.

96 2225 159 2290 Sed
199 2226 383 2290 Schneideri
423 2228 579 2293 vocabulo
619 2229 737 2310 ,μθιιειι
776 2230 810 2292 in
849 2235 1001 2294 contextu
1041 2231 1159 2294 Graeco
1196 2229 1322 2293 nullum
1369 2227 1553 2310 respondet,

99 2335 262 2414 praeterea
285 2350 327 2394 ne
350 2332 427 2396 haec
450 2333 579 2416 quidem
604 2335 761 2398 sententia
783 2339 867 2398 reete
890 2353 924 2396 se
946 2334 1061 2397 habere
1090 2335 1167 2397 mihi
1197 2334 1333 2415 videtur,
1361 2331 1416 2396 sed
1445 2350 1554 2413 super-

99 2453 242 2497 vacanea
257 2453 336 2498 esse.
372 2435 453 2499 Nam
470 2436 575 2501 verbis
591 2457 674 2520 quae
688 2438 898 2521 praecedunt:
924 2436 993 2513 ,etv
1017 2435 1072 2500 ὑπὸ
1095 2436 1245 2522 καύματος
1268 2439 1371 2522 ληφθῇ
1390 2432 1554 2520 ξηραίνεται

98 2535 150 2602 καὶ
173 2536 296 2623 ἀναοξὴς
320 2535 368 2603 ἐπὶ
389 2539 421 2603 τὸ
447 2541 561 2624 μεῖξονιι
584 2543 663 2626 ipsis
687 2542 863 2606 declaratur
885 2543 963 2623 fore,
996 2549 1030 2605 ut
1053 2543 1137 2625 galla
1162 2544 1195 2605 ni
1227 2548 1317 2606 aestu
1347 2542 1554 2623 exciperetur,

97 2645 251 2707 maiorem
275 2644 520 2727 amplitudinem
544 2647 780 2729 adipisceretur.
840 2646 929 2722 Quae
962 2666 1036 2710 curn
1071 2649 1115 2708 ita
1145 2649 1220 2728 sint,
1254 2647 1336 2709 hano
1365 2646 1554 2710 seutentiam

98 2749 242 2830 ineptam
266 2765 336 2812 esse
359 2749 501 2833 adparet,
523 2756 554 2814 et
577 2751 654 2814 mihi
672 2751 803 2834 quidem
827 2751 960 2815 delenda
983 2772 1053 2816 esse
1067 2751 1203 2838 ridetur.
1240 2749 1379 2814 Verbum
1404 2749 1554 2834 „ipe'rerd‘

100 2853 136 2915 in
161 2847 305 2936 ,ιγίνεταθ
330 2858 487 2917 mutatum
516 2848 769 2919 transferendum
794 2859 920 2921 esseio
945 2859 1146 2938 sententiam,
1177 2874 1259 2938 quae
1282 2854 1452 2938 praeeedit,
1479 2858 1555 2937 puto

97 2955 171 3038 (nbi
202 2960 285 3020 certe
315 2957 379 3021 tale
410 2959 532 3042 aliquid
565 2959 771 3040 desideratur)
802 2967 833 3024 et
863 2965 967 3024 cetera
997 2960 1092 3023 verba
1123 2961 1200 3022 vitio
1227 2959 1347 3023 librarii
1375 2958 1555 3037 tribuenda,

101 3061 161 3143 qui
184 3079 220 3123 ea
243 3059 421 3142 desumpsit
443 3082 485 3126 ex
507 3063 624 3145 verbis,
648 3083 730 3146 quae
752 3064 949 3146 praecedunt
971 3069 1002 3128 at
1026 3083 1107 3146 quae
1131 3069 1284 3128 secuntur
1314 3057 1380 3138 „aa
1403 3060 1435 3123 τὸ
1460 3062 1555 3143 μεῖξον

187 3161 222 3228 ori
245 3165 341 3249 μεῖζον
365 3163 466 3251 ἔχουσι
488 3165 601 3251 κυάμου
624 3166 656 3230 τὸ
679 3166 830 3252 με’·ρεθος.“

205 3266 277 3333 Hae
298 3271 487 3354 paragraphi
520 3273 598 3354 quin
630 3290 672 3335 ex
693 3272 906 3355 Theophrasto
936 3277 1081 3353 sumptae
1105 3272 1179 3351 sint,
1208 3290 1258 3333 me
1290 3270 1420 3352 quidem
1450 3270 1556 3334 iudice

102 3370 242 3436 dubium
277 3391 347 3437 esse
376 3393 441 3437 non
473 3380 582 3458 potest.
640 3375 721 3439 Nam
757 3377 863 3439 omnia
898 3375 991 3459 plane
1021 3381 1213 3458 congruunt,
1247 3375 1309 3437 nisi
1344 3375 1429 3456 quod
1464 3375 1556 3437 initio

99 3476 229 3541 Plinius
258 3477 373 3541 adiecit
406 3478 620 3563 „alternisque
642 3482 737 3544 annis
759 3481 939 3564 glandem“,
963 3499 1045 3562 quae
1069 3485 1176 3544 utrum
1209 3481 1311 3562 ipsius
1334 3478 1430 3541 verba
1452 3497 1491 3539 an
1516 3497 1557 3540 cx

101 3581 165 3645 alio
188 3586 317 3647 auctore
339 3594 468 3666 sumpta
489 3585 564 3666 sint,
588 3584 764 3649 diiudicare
788 3605 852 3648 non
874 3605 1017 3668 possum,
1040 3585 1095 3650 sed
1118 3605 1198 3648 num
1222 3585 1352 3647 omnino
1375 3586 1459 3644 reeta
1483 3581 1557 3660 sint,

101 3684 194 3750 valde
217 3684 337 3750 dubito.

206 3789 302 3854 Initio
324 3810 445 3876 paragr.
470 3793 510 3856 27
534 3793 660 3857 Plinius
683 3793 761 3858 dicit
784 3795 905 3877 'gallam
941 3797 1030 3859 nasei
1064 3795 1129 3858 sole
1165 3794 1203 3859 de
1237 3793 1374 3876 geminis
1408 3796 1557 3865 exeunte,

99 3893 337 3977 Theophrastus
366 3893 450 3981 „aspi
478 3896 526 3959 τὸν
557 3903 766 3983 σκιροφοριῶνα
795 3897 946 3982 θάγοντας
986 3918 1069 3982 quae
1099 3905 1251 3981 tempora,
1281 3897 1339 3960 etsi
1370 3915 1433 3958 non
1463 3894 1559 3979 plane

99 3997 214 4063 eadem
238 4006 325 4082 sunt,
348 4004 454 4064 tamen
478 4002 561 4064 inter
583 4021 617 4065 se
640 4005 769 4086 aequari
792 4003 901 4068 solent.
947 4003 984 4065 cf.
1010 4008 1027 4080 ς
1054 4004 1122 4070 100.

208 4100 310 4167 Paulo
330 4112 416 4187 post
449 4105 526 4168 dicit
555 4106 701 4172 Plinius:
749 4109 882 4188 „crescit
915 4128 980 4170 uno
1015 4108 1066 4172 die
1111 4107 1309 4187 candidior“,
1345 4125 1427 4188 quae
1462 4105 1557 4169 verba

101 4202 297 4291 respondent
318 4208 368 4272 his
389 4208 611 4293 Theophrasti:
633 4209 710 4296 Α,,ἐρ’
725 4209 838 4297 ἡμέραν
861 4210 893 4276 δὲ
917 4209 984 4295 μίαν
1008 4210 1177 4295 αὐξηθεῖσα,
1201 4211 1275 4294 πλὴν
1298 4215 1348 4295 τῆς
1376 4208 1558 4281 πιττώθοος.“

102 4311 158 4374 An
181 4310 338 4376 vocabula
368 4313 573 4396 „candidior“
598 4320 629 4379 et
651 4315 744 4400 „atqu
767 4322 817 4400 τῆς
840 4315 1015 4388 ιτιττώδσοςιι
1044 4317 1130 4382 idem
1160 4315 1291 4380 valent?
1345 4314 1397 4379 Me
1428 4315 1557 4397 quidem

102 4414 211 4479 iudice
233 4423 324 4481 certe.
376 4415 457 4481 Eam
480 4421 566 4483 enirn
589 4420 717 4503 gallam,
741 4441 837 4503 quam
861 4420 1094 4504 Theophrastus
1117 4427 1210 4484 vocat
1233 4419 1398 4504 ,,πιττώόη“
1423 4421 1559 4501 „resina-

104 4519 211 4584 oeam“
237 4521 370 4585 candem
394 4542 463 4587 esse
486 4529 582 4607 atque
605 4523 752 4607 μέλαιναν,
776 4526 899 4608 nigram
931 4525 1080 4609 adparere
1110 4526 1189 4588 mihi
1213 4525 1338 4589 videtur
1366 4530 1397 4588 et
1428 4542 1469 4587 cx
1499 4524 1558 4585 hoc

103 4624 185 4706 loco,
219 4623 287 4707 ubi,
317 4630 486 4711 postquam
508 4627 741 4712 Theophrastus
774 4630 902 4693 locutus
936 4637 983 4694 est
1018 4631 1058 4694 de
1091 4630 1184 4713 gallis
1218 4634 1351 4712 excepta
1384 4628 1556 4709 resinacea,

105 4728 252 4812 sequitur
275 4729 449 4814 disputatio
473 4732 512 4798 de
535 4733 639 4816 nigra,
664 4739 872 4816 opponuntur
894 4734 993 4817 igitur
1014 4735 1098 4798 inter
1121 4752 1155 4798 se
1176 4733 1259 4816 galla
1282 4731 1357 4816 πλὴν
1379 4737 1430 4817 τῆς
1459 4729 1561 4796 arrad

1327 4850 1354 4894 μ
