3292 5436
843 109 887 182 44

134 319 262 382 Plinius
285 317 336 380 vel
366 335 407 379 ex
437 317 540 399 ipsius
571 318 703 380 scientia
731 317 798 381 vel.
818 318 917 381 alium
949 317 1110 402 quendam
1141 324 1302 383 auctorem
1333 324 1470 383 secutus
1505 319 1598 382 Theo·

133 422 256 504 phrasti
290 418 387 484 verba
421 423 600 484 correxerit.
658 421 741 484 Nam
777 426 860 485 certe
891 442 957 484 non
984 427 1107 485 rectum
1138 428 1186 486 est
1214 441 1326 486 omnes
1354 423 1460 488 malos
1483 404 1597 506 *primis

135 523 308 604 frigoribus
339 523 435 606 (quod
470 543 521 588 me
555 525 685 607 quidem
715 525 824 588 iudice
857 525 938 588 nihil
974 526 1062 589 aliud
1097 531 1145 590 est
1178 527 1242 590 nisi
1275 528 1453 611 incipiente
1488 528 1597 604 hiemet

136 628 277 691 fructum
312 628 414 708 edere,
447 628 502 692 sed
533 628 700 711 plerasque
730 634 897 710 autumno,
931 630 1090 711 quaedam
1120 649 1238 713 genera
1268 635 1393 694 tantum
1425 633 1598 715 incipiente

132 717 255 812 hieme,
301 733 347 795 sic
384 739 421 795 ut
457 734 592 795 rectiora
628 733 679 795 hio
718 735 783 796 sint
820 752 903 816 quae
941 733 1068 797 Plinius
1105 733 1250 816 praebet,
1289 752 1386 816 quam
1426 754 1482 818 ea,
1522 756 1599 818 quaa

131 836 379 919 Theophrastus,
1435 845 1439 848 ⁴

238 939 312 1030 Non
343 946 447 1004 exstat
476 940 562 1024 apud
584 940 832 1022 Theophrastum
865 942 1032 1005 aesculum
1056 959 1073 1005 e
1097 941 1285 1025 glandiferis
1316 943 1418 1006 solam
1442 948 1598 1006 autumno

132 1063 245 1109 semen
271 1044 411 1125 reddere,
435 1044 490 1108 sad
513 1045 590 1107 haee
613 1043 704 1107 facile
727 1044 858 1108 aliunde
881 1049 1009 1128 sumpta
1032 1045 1159 1108 Plinius
1183 1047 1307 1111 adicere
1330 1049 1443 1130 potuit.

241 1147 330 1222 Quae
353 1168 426 1211 cum
450 1149 494 1211 ita
518 1150 592 1230 siut,
616 1149 764 1231 equidem
788 1167 853 1210 non
879 1147 1003 1230 dubito,
1028 1151 1108 1233 quin
1124 1149 1251 1215 Plinius
1270 1153 1306 1214 in
1322 1152 1382 1215 hae
1397 1151 1592 1234 paragrapho

132 1252 358 1334 componenda
380 1252 591 1335 Theophrasto
615 1272 695 1315 usus
719 1254 759 1315 sit
781 1253 970 1334 gravissimo
997 1259 1143 1331 auctore;
1168 1255 1223 1318 sed
1246 1261 1371 1338 praeter
1392 1257 1484 1320 hunc
1500 1257 1593 1321 alium

134 1363 300 1419 auctorem
334 1354 490 1437 adhibuit,
522 1375 618 1438 quem
650 1362 780 1419 secutus
810 1356 872 1419 alia
906 1360 1102 1421 accuratiora
1127 1363 1158 1422 at
1182 1361 1317 1423 rectiora
1345 1360 1477 1444 praebet
1502 1351 1593 1444 quam

131 1459 382 1542 Theophrastus,
405 1460 477 1540 alia,
501 1479 583 1542 quae
604 1461 660 1523 ille
683 1478 748 1521 non
771 1458 873 1541 habet,
897 1460 1023 1524 adiecit.

239 1563 471 1626 Adnotandum
502 1569 550 1626 est
580 1564 632 1626 hic
662 1582 791 1646 quoque
814 1563 957 1627 Plinium
980 1563 1136 1628 vocabulo
1172 1565 1307 1647 „suber“
1332 1569 1381 1631 uti
1408 1587 1468 1651 pro
1498 1568 1592 1632 Theo-

134 1669 255 1750 phrasti
287 1664 393 1752 „oipia‘
423 1673 453 1730 et
481 1668 685 1750 Theophrasti
716 1667 911 1730 vocabulum
941 1667 1073 1751 „actaq‘
1104 1675 1228 1734 vertere
1256 1690 1312 1753 per
1341 1671 1494 1754 „pinus“,
1525 1672 1596 1735 alias

136 1791 195 1855 per
223 1772 354 1853 „larix.“

1637 1656 1640 1687 ι

1637 1696 1640 1767 i

1637 1798 1640 1851 ξ

204 1891 255 1959 ΠΙ,
275 1897 299 1959 4,
318 1901 342 1950 5.
392 1891 481 1947 Ταῦτα
512 1896 557 1963 μὲν
589 1887 633 1947 οὖν
666 1895 838 1966 μετριωτέραν
961 1893 1055 1960 §lot
1092 1893 1196 1946 Citreae
1219 1895 1247 1945 ot
1269 1891 1456 1961 iunipirus
1475 1895 1510 1947 et
1528 1892 1596 1947 ilex
1637 1866 1640 1935 i

132 1975 839 2054 ἔχειὸιαφοροὶν·ποίντωνδὲπλείατηνὴἇρκεο-
891 1979 1071 2033 anniferae
1096 1980 1283 2046 habentur,
1305 1996 1487 2049 novosque
1505 1981 1596 2034 ituc-
1638 1966 1640 1989 Ι

131 2067 194 2125 θος
212 2069 256 2120 καὶ
274 2063 291 2138 ἡ·
311 2065 456 2140 κήλαστρος
475 2069 531 2120 καὶ
555 2063 572 2138 ἠ
594 2074 725 2139 πρῖνος·
743 2063 761 2138 r]
781 2069 838 2138 μὲν
892 2068 948 2118 ius
968 2066 1002 2119 in
1020 2067 1076 2120 his
1096 2083 1171 2120 cum
1189 2067 1358 2122 annotino
1376 2069 1514 2135 pendet.

130 2152 191 2226 γὰρ
218 2149 387 2227 ἄρκευθος
410 2150 585 2208 ἐνιαύσιον
613 2154 704 2227 ἔχειν
733 2155 839 2208 δοκεῖ·

133 2237 473 2314 περικαταλαμβάνει
515 2237 575 2313 γὰρ
618 2237 631 2294 ὁ
669 2243 743 2300 νέος
785 2260 839 2293 τον

91 2390 93 2395 ,
133 2325 325 2400 περόσινον.

204 2420 229 2472 6,
265 2412 352 2469 Φασὶ
375 2416 408 2469 δὲ
427 2416 482 2469 καὶ
509 2412 568 2486 τὴν
594 2420 709 2487 πρῖνον
735 2415 840 2486 οἱπερὶ

42 2511 51 2520 ”
131 2498 266 2574 Ἀρκαδίαν
303 2505 445 2574 ἐνιαυτῷ
477 2503 646 2555 τελειοῦν·
684 2496 749 2572 ἅμα
779 2520 839 2572 γαρ

130 2588 188 2643 τὸν
215 2591 288 2644 ἕνον
315 2590 474 2644 πεπαίνει
497 2591 553 2642 καὶ
577 2585 633 2641 τὸν
659 2589 734 2640 νέον
761 2583 839 2640 ὑπο-

131 2677 255 2749 φαίνει.

238 2764 389 2846 Plerique
424 2763 558 2827 editores
592 2768 628 2825 ut
664 2761 888 2843 Schneiderus‚
923 2762 1119 2825 Wimmerus
1161 2760 1307 2823 scribunt
1341 2745 1395 2823 in'
1416 2780 1541 2844 paragr.
1576 2762 1593 2833 6

131 2866 341 2950 Theophrasti
364 2865 473 2943 ,,’ένον“,
499 2867 583 2948 quod
607 2886 659 2930 me
683 2865 814 2948 quidem
836 2866 944 2929 iudice
966 2866 1081 2928 falsum
1107 2869 1164 2928 est.
1204 2862 1294 2927 Certe
1316 2865 1377 2928 hoc
1400 2864 1592 2929 adiectivum
1638 2858 1640 2933 J

133 2971 272 3035 eandem
297 2972 435 3034 radicem
458 2970 553 3034 habet
584 2976 679 3052 atque
707 2969 858 3033 Latinum
889 2989 1007 3033 nomen
1041 2987 1161 3050 „senex
1191 2987 1263 3051 gen.
1294 2969 1408 3032 senis.“
1466 2969 1596 3033 Excidit

131 3077 232 3158 igitur
266 3077 357 3138 initio
393 3076 497 3139 littera
527 3076 593 3157 „s“,
623 3076 717 3137 cuius
749 3075 818 3138 vice
852 3075 887 3136 in
908 3067 1033 3156 ¹lingua
1065 3073 1186 3135 Graeca
1219 3072 1312 3155 fungi
1347 3074 1426 3136 solet
1455 3075 1596 3157 signum,

133 3181 221 3261 quod
245 3185 377 3243 vocatur
402 3181 555 3262 „spiritus
577 3179 697 3261 asper.“
741 3177 845 3252 Quam
869 3176 908 3240 ob
930 3196 997 3240 rem
1021 3178 1152 3261 spiritus
1175 3176 1258 3238 lenis
1280 3178 1403 3240 litterae
1426 3201 1443 3238 ε
1467 3177 1596 3242 additus

135 3303 185 3346 me
210 3283 340 3365 quidem
364 3284 471 3347 iudice
494 3284 546 3346 hic
568 3303 635 3345 non
657 3301 716 3344 suo
741 3285 811 3344 loco
835 3286 948 3345 exstat.

239 3385 313 3451 Non
349 3391 574 3451 commemorat
601 3386 834 3468 Theophrastus
866 3387 1004 3466 citream,
1040 3391 1077 3448 ut
1110 3385 1245 3449 dubium
1276 3404 1345 3449 esse
1374 3387 1486 3467 possit,
1518 3407 1598 3450 num

128 3489 262 3553 -Plinius
285 3492 337 3553 hio
360 3494 491 3554 omnino
513 3491 726 3573 Theophrasto
748 3491 818 3573 ipso
848 3508 928 3552 usus
952 3491 1003 3552 sit.
1049 3489 1113 3553 Sed
1143 3510 1217 3553 cum
1248 3491 1282 3552 in
1315 3491 1366 3571 iis,
1395 3508 1478 3570 quae
1511 3498 1599 3554 ante·

134 3595 267 3674 cedunt,
303 3600 405 3658 totum
438 3596 503 3659 fere
537 3596 677 3677 oaput4
709 3594 783 3657 libri
805 3593 856 3656 III
888 3592 1095 3675 Theophrasti
1130 3614 1149 3656 a
1183 3594 1287 3656 Plinio
1321 3612 1450 3657 versum
1486 3595 1531 3658 sit
1564 3597 1598 3657 in

134 3698 280 3782 linguam
303 3697 461 3780 Latinam,
491 3699 569 3763 hacc
593 3718 723 3782 quoquo
746 3717 788 3762 ex
810 3698 920 3762 eodem
946 3701 1074 3780 sumpta
1097 3716 1166 3761 esse
1194 3703 1274 3780 puto
1304 3703 1335 3760 et
1366 3716 1413 3778 ea,
1446 3716 1530 3781 quae
1561 3700 1600 3763 de

132 3805 234 3866 citrea
258 3803 415 3883 dicantur,
439 3791 569 3866 aliunde
592 3802 722 3866 adiecta.
939 3806 943 3815 '

239 3906 328 3982 Quae
351 3913 505 3971 secuntur
526 3909 561 3970 in
583 3927 706 3990 paragr.
733 3908 792 3972 rot
817 3912 848 3970 et
873 3905 947 3986 108,
976 3905 1063 3988 apud
1085 3905 1336 3988 Theophrastum
1365 3924 1431 3967 non
1455 3909 1597 3970 exstant.

959 4027 1054 4093 §loa
1090 4023 1218 4078 Novellaa
1252 4024 1358 4078 arbores
1388 4025 1479 4077 carent
1505 4025 1600 4078 fructu

202 4111 339 4179 111,8,1.
381 4109 576 4184 ilaotdilei
613 4115 646 4167 δὲ
682 4111 741 4186 πρὸ
777 4118 835 4166 τοῦ
889 4112 1019 4180 quamdiu
1054 4114 1187 4165 crescunt.
1235 4111 1386 4178 perdunt
1422 4109 1599 4165 facillime

132 4203 233 4274 πέψει
259 4201 314 4254 τὸν
344 4198 472 4273 καρτὸν
498 4195 686 4272 ἀμυγδαλῆ,
711 4201 835 4271 μηλέα,
889 4200 965 4251 ante
1012 4199 1252 4252 maturitatem
1304 4197 1429 4265 palma,
1483 4198 1599 4266 siena,

132 4285 207 4361 ρόα,
232 4282 342 4351 ἄπιος,
368 4289 423 4340 καὶ
448 4284 559 4358 μάλιστα
578 4286 609 4359 el,
628 4285 836 4358 πάντωνσνκή
890 4282 1081 4352 amygdala,
1111 4283 1237 4348 maluS,
1269 4284 1381 4352 pirus.
1417 4285 1504 4338 item
1534 4303 1599 4354 pu·

127 4363 189 4426 ’καὶ
209 4373 324 4446 φοῖνιξ.
890 4370 982 4439 nica,
1007 4387 1074 4439 quae
1097 4372 1178 4425 atiani
1202 4371 1308 4425 roribus
1325 4371 1419 4424 nimiis
1438 4374 1465 4425 et
1488 4373 1598 4440 pruinis

204 4459 295 4513 Cotem
314 4477 366 4513 non
384 4461 491 4514 exstant
509 4460 579 4527 apud
598 4459 817 4526 Theophrastum.
891 4457 983 4511 florem
1018 4457 1128 4511 amittit.
1182 4473 1234 4525 qua
1267 4459 1301 4511 de
1336 4474 1417 4511 causa
1452 4458 1599 4513 inflectunt

889 4561 977 4599 ramos
1004 4545 1073 4611 eius,
1101 4560 1134 4597 ne
1166 4544 1284 4598 subrecti
1315 4561 1434 4598 umorem
1463 4544 1598 4600 infestum

889 4633 1027 4703 excipiant
1044 4633 1125 4700 atque
1150 4631 1313 4685 contineant.
1348 4631 1425 4699 prinus
1448 4635 1476 4684 et
1501 4648 1600 4702 amyg-

890 4720 956 4796 dala,
980 4719 1087 4776 etiamsi
1110 4735 1163 4772 non
1191 4717 1272 4786 pluat,
1300 4718 1347 4772 sed
1369 4718 1415 4770 fiat
1439 4719 1597 4772 austrinum
