3292 5436
827 135 865 199 61

176 340 230 409 VI,
255 347 281 409 2,
308 347 330 401 1.
374 341 427 398 Καὶ
453 341 501 416 γὰρ
531 344 622 397 alalon
650 340 709 396 δύο
737 344 818 413 γένη
942 343 956 408 ξ
986 346 1044 398 145.
1090 340 1163 395 Duo
1191 356 1316 410 genera
1346 340 1407 394 eius
1435 341 1519 408 prima
1546 343 1577 395 ut

81 427 248 500 διαιροῦσι,
273 429 390 502 τὸμὲν
417 425 531 504 ἄρρεν,
556 428 760 500 τὸδἐλλῆλυ,
785 433 823 499 τῷ
873 425 1045 495 reliquarum,
1072 443 1141 482 mas
1165 430 1269 496 atque
1293 428 1429 480 lomina.
1470 428 1579 482 maior

80 513 132 567 τὸ
173 519 238 586 μὲν
271 518 385 587 μεῖζον
416 520 471 570 καὶ
502 513 732 589 σκληρότερον
763 518 819 568 καὶ
872 514 1028 568 traditur
1052 513 1490 583 masetoorporeetfolio
1514 515 1577 568 du·

83 599 343 677 λιποιρώτερον
368 600 551 677 τὸιρόλλον
575 604 682 677 ἔχειν,
706 600 818 656 καὶτὸ
872 600 964 653 riore
996 601 1100 654 etiam
1135 617 1172 655 ac
1202 601 1391 669 pinguiore
1424 604 1457 655 et
1489 602 1577 667 flore

86 683 217 750 ἄνθος
242 691 523 764 έπιποριρορίξον·
549 685 819 763 ἄμφωδὲὸμοια
872 687 911 739 ad
935 703 1122 754 purpuram
1145 689 1342 742 accedente.
1385 689 1577 756 utriusque

88 766 178 836 τοῖς
210 771 343 850 ἀγρίοις
371 775 493 851 ῥόδοις,
527 775 612 848 πλὴν
641 773 741 830 ἐλάττω
774 777 819 830 καὶ
871 778 985 827 autem
1014 774 1145 828 similis
1181 782 1235 829 ost
1266 791 1364 829 rosae
1395 776 1575 843 silvestri,

88 857 231 933 ἄσσμα.
339 935 343 941 ⁴
872 861 1292 929 nisiquodearetodore.

219 1004 344 1067 Plinius
367 1005 419 1067 hie
442 1023 489 1084 ea,
514 1023 597 1087 quae
618 1005 853 1087 Theophrastus
884 1003 979 1066 tradit
1003 1004 1042 1067 de
1064 1002 1159 1087 alotlp
1190 1003 1240 1081 (de
1264 1024 1328 1086 qua
1350 1004 1476 1068 Plinius
1508 1006 1577 1087 ipse

99 1108 192 1171 dicit
208 1107 337 1189 XXIV,
353 1107 389 1172 8:
415 1109 547 1190 „Graeci
569 1110 675 1170 vieiuo
692 1107 747 1188 (se,
760 1107 907 1188 hederae)
931 1107 1086 1170 vocabulo
1108 1108 1230 1171 cisthon
1248 1107 1408 1190 appellant
1423 1109 1570 1174 fruticem

102 1215 265 1276 maiorem
289 1213 411 1293 thymo,
442 1212 526 1276 foliis
549 1212 652 1274 ocimi.
698 1212 761 1275 duo
786 1214 871 1275 enim
895 1229 1028 1294 genera:
1058 1210 1117 1274 ilos
1141 1212 1283 1275 masculo
1306 1231 1466 1293 rosaeeus,
1496 1213 1573 1276 folio

103 1315 254 1398 albus“),
276 1316 316 1378 ad
339 1316 489 1379 hederam
512 1316 684 1397 transtulit,
708 1322 817 1378 utrum
842 1334 945 1379 errore
960 1314 1119 1379 adductus
1135 1335 1176 1378 an
1191 1315 1271 1379 falsa
1294 1317 1412 1380 codicis
1434 1318 1571 1382 lectione

67 1450 69 1455 ·
103 1420 241 1498 dubito,
275 1439 350 1501 nam
388 1422 472 1482 Gaza
507 1438 637 1502 quoque
667 1418 765 1482 κισσὸν
793 1419 939 1482 reddidit.
995 1417 1084 1482 Certe
1118 1425 1225 1484 autem
1255 1421 1386 1503 adparet
1414 1421 1474 1484 hoe
1503 1421 1573 1484 loco

109 1507 276 1600 Graecum
310 1531 469 1587 auctorem
503 1523 649 1587 aPlinio
680 1542 750 1586 esse
778 1522 966 1603 adhibitum,
1000 1530 1031 1587 et
1061 1543 1136 1587 oum
1166 1522 1360 1588 verbotenus
1389 1525 1573 1606 reddiderit,

108 1647 198 1711 quae
221 1626 456 1711 Theophrastus
479 1627 618 1710 praebet,
641 1627 693 1691 hic
717 1627 796 1710 quin
820 1632 930 1689 auetor
954 1629 1005 1708 sit,
1030 1626 1165 1691 dubium
1189 1647 1258 1692 esse
1282 1648 1346 1691 non
1369 1636 1480 1711 potest.

179 1782 229 1846 ΙΠ,
256 1786 297 1849 18,
322 1789 346 1840 6.
378 1780 816 1854 ΙΙολοειῦἠςῦὲὸ-λιττός....
939 1782 1077 1850 speeies
1111 1783 1207 1836 horum
1241 1798 1367 1850 generum
1394 1786 1476 1836 tres
1522 1787 1577 1837 est

106 1871 196 1946 Τρία
229 1865 322 1924 ὀόὗν
353 1870 472 1943 φαίνεται
506 1868 539 1923 τὰ
575 1873 696 1941 μέγιστα,
733 1865 746 1923 ὅ
782 1890 816 1923 τε
869 1869 959 1922 enim
978 1870 1118 1923 eandida
1136 1873 1191 1922 aut
1209 1870 1575 1936 nigrahederatertia-

67 2023 72 2029 Ι
104 1957 231 2024 λευκὸς
266 1959 321 2011 καὶ
357 1955 371 2010 ὸ
408 1958 525 2029 μέλας,
563 1959 619 2010 καὶ
648 1959 764 2029 τρίτον
798 1953 816 2026 i,
871 1955 1321 2023 quequaevocaturhelix.

103 2045 187 2106 alia.
231 2043 314 2116 Εἴόη
334 2040 682 2098 δὲέκσὶστουτοότων
702 2043 815 2096 πλείω.
927 2043 1034 2110 ille.
1070 2042 1266 2096 Etiamnum
1284 2043 1345 2096 hae
1364 2045 1576 2111 speeiesdi·

105 2130 239 2192 Λευκὸς
273 2129 333 2204 γὰρ
361 2127 375 2184 ὁ
404 2134 460 2202 μὲν
489 2136 533 2202 rip
557 2136 676 2203 καρπῷ
700 2127 816 2202 μόνον·
870 2130 1043 2183 viduatur
1087 2130 1121 2182 in
1166 2129 1271 2197 alias,
1314 2131 1475 2198 quoniam
1520 2135 1576 2186 est

106 2218 123 2274 ὸ
152 2220 187 2274 δὲ
215 2221 272 2272 καὶ
298 2224 369 2278 τοῖς
404 2215 546 2291 φύλλοις
579 2219 657 2271 ἐστί.
713 2215 816 2271 Πάλιν
871 2217 990 2285 aliqua
1013 2217 1132 2270 fructu
1158 2219 1292 2271 tantum
1318 2217 1477 2286 eandida,
1505 2217 1576 2272 alia

104 2310 144 2361 δὲ
182 2311 242 2360 τῶν
280 2303 524 2377 λευκοκοὶρπων
566 2301 667 2376 μόνον
711 2300 724 2356 b
761 2306 817 2374 μὲν
871 2305 904 2356 et
921 2303 1024 2370 folio,
1049 2305 1203 2358 fructum
1227 2320 1363 2373 quoque
1387 2305 1575 2359 candidum

106 2391 215 2466 ἁδρὸν
248 2395 305 2446 καὶ
339 2392 465 2446 πυκνὸν
496 2394 551 2445 καὶ
585 2387 818 2461 συνεστηκότα
871 2390 1060 2444 ferentium
1096 2391 1182 2447 aliis
1218 2393 1347 2445 densus
1382 2393 1506 2445 acinus
1542 2397 1575 2446 et

104 2479 165 2535 τὸν
185 2478 313 2553 καρπὸν
333 2479 403 2554 ἔχει
421 2476 573 2551 καθάπερ
591 2480 640 2538 εἰς
659 2483 816 2550 σφαῖραν,
871 2478 1050 2545 grandior,
1068 2480 1218 2531 raoemis
1236 2479 1271 2530 in
1290 2478 1403 2532 orbem
1422 2479 1575 2531 eircum-

104 2560 817 2639 ὃνδὴκαλοῦσιτινεςκορομβὶαν,οἷδ”Αθή-
871 2563 964 2616 actis
1001 2565 1060 2632 qui
1096 2567 1265 2619 vocantur
1300 2565 1472 2633 corymbi,
1508 2565 1575 2619 item

103 2664 183 2728 νῃσιν
201 2650 350 2727 Ἀχαρνικὸν
371 2649 558 2725 σίρόενόμενον·
589 2649 601 2706 ὁ
622 2653 653 2704 δὲ
673 2647 817 2714 ἐλάττω,
872 2650 990 2716 Silenici,
1004 2666 1067 2704 oum
1079 2655 1121 2705 est
1133 2653 1243 2706 minor
1260 2651 1398 2719 acinus,
1417 2652 1576 2719 sparsior

104 2742 382 2815 διακεχυμένον,
420 2737 524 2812 ὥσπερ
561 2741 617 2794 καὶ
654 2735 667 2792 ὁ
704 2739 816 2810 μέλας.
871 2753 1035 2792 racemus.
1071 2738 1479 2806 similimodoinnigra.

98 2823 184 2903 ’Ἔχει
221 2828 249 2881 δὲ
284 2829 328 2880 καὶ
364 2823 377 2880 ὁ
409 2828 488 2898 μέλας
519 2824 656 2900 διαφορὰς,
695 2821 748 2879 ἀλλ’
768 2822 818 2899 οὐχ

103 2913 209 2987 ὁμοίως
228 2909 348 2987 φανεράς.

220 3053 454 3136 Theophrastus
486 3061 568 3116 certe
601 3061 712 3115 auctor
734 3057 781 3114 est
803 3051 919 3129 Plinii3
952 3052 1007 3114 sed
1038 3052 1124 3115 unde
1148 3060 1275 3136 sumpta
1298 3060 1374 3117 sunt
1397 3055 1451 3117 illa
1473 3055 1572 3118 Plinii

104 3162 213 3244 „item
237 3157 413 3221 Silenici‘l
458 3156 556 3238 Apud
581 3155 841 3239 Theophrastum,
874 3156 921 3218 sio
949 3166 986 3221 ut
1008 3157 1105 3220 verba
1135 3159 1204 3221 eius
1233 3157 1347 3221 tradita
1376 3166 1462 3242 sunt,
1491 3165 1574 3225 certe

104 3263 195 3328 nihil
226 3263 288 3325 tale
322 3266 434 3324 exstat.
491 3259 661 3342 Propterea
692 3258 907 3322 Schneiderus
942 3260 1011 3341 (III,
1035 3260 1109 3341 263)
1144 3262 1236 3324 dicit:
1275 3261 1333 3343 „ln
1361 3263 1573 3347 Theophrasto

107 3369 233 3431 vitium
263 3365 392 3447 aliquod
421 3364 523 3426 latens
554 3381 687 3446 arguere
717 3365 820 3426 versio
854 3362 951 3426 Plinii
985 3365 1139 3430 videtur“.
1198 3365 1323 3429 Vitium
1357 3369 1462 3431 inesse
1496 3370 1574 3431 milri

106 3470 244 3533 videtur
265 3468 370 3533 verbis
396 3467 441 3544 „oi
465 3465 491 3530 δ’
512 3465 667 3551 Ἀθήνῃσιν
685 3514 691 3528 .
708 3514 714 3528 .
731 3515 737 3528 .
754 3516 760 3529 .
777 3516 783 3529 .
801 3515 807 3529 .
830 3464 895 3530 ὅδὲ
912 3467 1051 3531 elatrent
1085 3471 1170 3533 Ante
1186 3469 1213 3532 oi
1229 3469 1255 3533 δ’
1269 3468 1424 3554 Ἀθήνῃσιν
1442 3471 1574 3536 fortasse

105 3574 306 3641 exciderunt
335 3576 447 3637 verba:
480 3571 526 3650 „oi
549 3570 581 3634 δὲ
607 3569 779 3654 σιληνινόν“,
812 3573 897 3654 quod
929 3573 1020 3637 facile
1042 3574 1112 3638 fieri
1133 3577 1248 3657 potuit,
1279 3595 1353 3639 oum
1375 3577 1454 3638 haee
1477 3575 1573 3639 verba

104 3696 245 3766 prorsus
269 3677 386 3741 similia
409 3677 473 3739 sint
496 3675 601 3739 verbis
625 3673 910 3759 ,,οἱδ”ι111ήννρσιν“.
954 3674 1231 3743 ΟΙΔΑΘΗΝΗΣΙΝ
1253 3677 1574 3745 ΟΙΔΕΣΙΛΗΝΙΚΟΝ.

108 3783 309 3864 Corruptum
341 3787 389 3844 est
419 3783 514 3844 etiam
546 3779 739 3843 vocabulum
770 3776 1011 3864 ,,ἀρδεοόμενσν“,
1048 3782 1134 3864 quod
1164 3790 1247 3847 certe
1277 3784 1368 3846 nihili
1400 3790 1454 3848 est.
1511 3783 1573 3848 Sed

111 3892 229 3950 utrum
252 3885 424 3949 delendum
448 3905 488 3948 an
513 3884 751 3948 emendandum
775 3885 824 3964 sit,
848 3883 968 3948 dubito.
1018 3885 1162 3949 Ceterum
1186 3887 1225 3950 de
1248 3893 1312 3950 tota
1335 3888 1393 3951 hac
1417 3891 1574 3953 sententia

104 3990 192 4054 certi
237 3990 411 4072 quiequam
446 3989 636 4052 contendere
678 4007 744 4050 non
780 3988 890 4051 auden.
946 3976 1067 4052 Dubito
1108 3991 1211 4072 enim,
1250 3998 1359 4055 utrum
1393 3993 1572 4058 seeundum

107 4093 260 4158 Plinium
290 4095 421 4156 nomina
445 4090 628 4175 ,,σιλτ,νικόν“
652 4089 910 4177 ο1,,’11χαρνικόν“
938 4093 1102 4157 referenda
1125 4095 1190 4158 sint
1218 4096 1258 4159 ad
1280 4097 1314 4158 id
1336 4117 1448 4181 genus,
1478 4099 1573 4162 cuius

88 4183 203 4262 'acini
225 4198 366 4260 minores
389 4199 464 4278 sint,
495 4216 537 4258 an
565 4197 651 4260 idem
681 4196 864 4280 significent
891 4203 987 4280 atque
1015 4217 1132 4262 nomen
1162 4198 1365 4286 ,,κορυμβίαν“.
1421 4202 1516 4267 Prius
1546 4205 1573 4266 si

107 4307 239 4367 rectum
262 4305 320 4381 est,
344 4302 439 4364 etiam
463 4300 551 4365 aliud
574 4301 689 4363 vitium
712 4299 916 4383 Theophrasti
940 4301 1046 4365 verbis
1069 4305 1163 4385 inest,
1194 4306 1221 4367 si
1244 4307 1412 4389 posterius,
1441 4306 1569 4371 Plinius

111 4405 197 4470 falso
220 4405 426 4488 Theophrasti
449 4403 546 4468 verba
568 4405 735 4468 intellexit.

176 4558 275 4612 'Dioso
301 4558 337 4626 ΙΙ,
373 4562 434 4617 220.
484 4557 517 4616 ‘O
549 4562 576 4615 δὲ
606 4561 687 4633 μέλας
718 4561 817 4632 μέλανα
942 4564 957 4628 ἓ
987 4567 1045 4620 147.
1098 4562 1181 4616 alicui
1208 4566 1236 4619 et
1262 4580 1353 4618 semen
1379 4566 1499 4633 nigrum,
1526 4564 1593 4618 alii¹

106 4647 164 4717 (so.
189 4648 263 4720 φέρει
285 4644 330 4701 τὸν
354 4644 464 4720 καρπόν)
487 4641 505 4719 ἥ
529 4644 700 4721 κροκάζοντα,
730 4643 757 4702 ὃν
784 4645 817 4719 δὴ
871 4651 1015 4717 crocatum,
1035 4649 1113 4703 ouius
1132 4651 1237 4704 coronis
1256 4655 1347 4719 potitae
1360 4653 1481 4718 utuntur,
1499 4650 1573 4705 foliis

105 4736 157 4788 ani
177 4734 276 4787 ἰδιῶται
294 4730 425 4788 Διονύσιον
444 4734 575 4789 καλοῦσιν.
871 4733 962 4788 minus
992 4736 1091 4804 nigris,
1121 4753 1201 4805 quam
1231 4739 1340 4807 quidam
1366 4737 1495 4806 Nysiam,
1527 4737 1574 4792 alii
