3292 5436
849 133 892 201 32

142 337 307 418 phrastum
332 357 397 400 non
421 342 560 419 exstant,
584 341 682 402 immo
706 345 829 422 pugnat
848 340 976 404 Plinius
998 346 1107 405 contra
1122 342 1384 426 Theophrastum,
1408 363 1484 405 cum
1511 343 1606 408 dicit:

145 440 243 522 „falsa
278 440 419 505 definitio
455 446 503 506 est
535 462 601 519 non
636 443 781 509 decidere
814 444 864 508 his
899 464 1037 527 quarum
1070 447 1221 529 pinguior
1258 466 1357 510 sucus
1391 447 1469 527 sit‘,
1505 447 1605 511 Theo·

141 545 306 627 phrastus:
331 543 451 622 „Helua
474 543 507 608 δὲ
629 547 665 610 τοὶ
698 545 844 633 αἐίφολλα
864 596 942 611 .....
966 547 1071 634 ἔχοντά
1101 573 1164 612 τινα
1193 549 1400 636 λιπαρότητα.“
1457 550 1604 615 Plinium

144 648 198 711 hic
229 668 271 711 ex
302 650 407 733 ipsius
438 651 571 714 scientia
593 651 798 735 Theophrasti
828 652 1016 716 definitioni
1034 653 1165 736 obloqui
1193 674 1258 716 non
1288 661 1377 738 puto,
1406 655 1462 718 sed
1486 657 1604 737 omnia,

149 772 233 834 quae
264 753 342 817 dicit
372 754 410 817 de
432 753 527 836 foliis,
558 774 641 837 quae
672 755 820 820 decidant
850 774 998 839 quaeque
1028 776 1103 838 uon,
1134 759 1284 822 universa
1311 777 1353 822 ex
1384 777 1450 821 uno
1474 763 1604 822 auctore

148 858 334 939 sumpsisse.
391 857 504 922 Eidem
539 861 660 922 auctori
694 878 731 923 ea
765 860 872 925 deberi
905 866 994 944 puto,
1029 880 1111 945 quae
1145 881 1187 926 ex
1215 861 1343 925 Timaeo
1377 860 1602 925 mathematico

146 958 275 1023 Plinius
298 961 406 1024 adfert.
453 960 535 1024 Nam
558 964 646 1026 hunc
669 969 840 1045 strictorem,
864 984 960 1047 quem
983 966 1128 1027 omnium
1153 964 1192 1029 de
1214 985 1248 1030 re
1271 964 1417 1029 herbaria
1445 966 1601 1030 librorum

144 1063 236 1126 nullo
259 1065 321 1128 alio
344 1067 408 1128 nisi
430 1067 490 1128 hoc
523 1067 592 1130 loco
623 1067 750 1132 Plinius
782 1067 903 1151 laudat,
937 1087 1013 1132 eum
1046 1070 1153 1151 ipsum
1185 1069 1300 1153 legisse
1329 1073 1395 1132 nori
1426 1070 1602 1135 verisimile

142 1167 221 1230 mihi
244 1168 377 1234 videtur.

210 1286 319 1354 1‚e‚6.
357 1287 567 1361 Φυλλοβολεῖ
593 1292 627 1346 δὲ
655 1289 763 1345 πάντα
787 1297 843 1345 τοῦ

141 1372 353 1448 μετοπώρου,
373 1378 416 1429 καὶ
436 1377 501 1447 μετὰ
519 1375 549 1431 τὸ
567 1377 733 1451 μετόπωρον·
758 1375 842 1450 πλὴν

966 1292 1042 1358 §aa
1090 1291 1217 1345 Cadunt
1246 1291 1403 1360 plurimis
1432 1295 1601 1360 autumno,

897 1379 1054 1448 quaedam
1081 1378 1211 1432 tardius
1244 1379 1405 1432 amittunt
1437 1383 1540 1448 atque
1571 1381 1601 1433 iu

33 1460 42 1469 '
140 1459 184 1514 τὸν
204 1465 249 1533 μὲν
272 1461 377 1527 θᾶττον,
401 1460 435 1517 τὸ
461 1464 494 1518 δὲ
517 1463 737 1539 βραδύτερον,
763 1461 843 1519 ὥστε

139 1550 269 1603 καὶτοῦ
294 1555 460 1624 χειμῶνος
485 1550 738 1624 ἐπιλαμβάνειν.
776 1549 843 1606 Οὐκ

139 1631 309 1707 ἀνάλογον
330 1638 363 1690 δὲ
382 1638 415 1690 αἱ
435 1637 661 1709 φυλλοβολίαι
679 1645 752 1699 ταῖς
770 1639 844 1709 βλα-

138 1718 310 1792 ordeacio,
341 1719 420 1778 ὥστε
444 1725 483 1779 τὰ
511 1723 675 1798 πρότερον
701 1723 845 1799 βλαστή-

138 1827 244 1862 οαντα
262 1808 501 1885 καὶπρότερον
522 1814 755 1885 φυλλοβολεῖψ
776 1808 842 1865 ἀλλ’

138 1894 213 1948 ἔνια
242 1897 329 1968 πρωῒ
358 1897 542 1968 βλαστάνει
573 1903 645 1972 μὲν,
677 1895 756 1953 οὐδὲ
812 1900 845 1952 δὲ

139 1990 302 2055 προτερεῖ
324 1989 384 2037 τῶν
411 1980 533 2050 άλλων,
559 1982 644 2040 άλλά
669 2006 769 2039 τινων
788 1987 844 2039 καὶ

139 2063 288 2142 ὑστερεῖ,
308 2069 463 2146 καθάπερ
487 2069 506 2144 ἡ
528 2069 709 2145 άμογδαλῆ.
746 2069 792 2126 Τά
811 2074 844 2127 δὲ

138 2149 342 2228 δψιβλαοτεῖ
371 2162 442 2230 μὲν,
480 2156 577 2214 οὐδὲν
608 2162 654 2224 δὲ,
693 2157 725 2219 ὡς
755 2160 843 2222 εἰπεῖν,

138 2236 273 2315 ὑστερεῖ
306 2250 364 2299 τῶν
403 2241 525 2311 ἄλλων,
563 2243 667 2321 ὥσπερ
699 2243 717 2317 ἠ
748 2243 843 2299 συκά-

137 2347 240 2398 praec.

895 1467 1020 1520 hiemes
1038 1467 1214 1534 prorogant
1231 1481 1349 1532 moras,
1367 1482 1476 1534 neque
1494 1467 1600 1520 inter·

898 1555 948 1607 est
966 1552 1129 1607 maturius
1154 1551 1369 1621 germinasse,
1395 1555 1515 1620 utpote
1534 1569 1600 1607 cum

899 1641 1054 1708 quaedam
1084 1639 1206 1708 primae
1236 1629 1424 1708 germinent
1453 1641 1487 1692 et
1517 1639 1601 1692 inter

897 1727 1101 1781 novissimas
1128 1727 1308 1794 nudentur,
1336 1728 1371 1778 ut
1398 1725 1600 1794 amygdalae,

897 1814 1004 1876 fraxini,
1024 1813 1125 1867 sabuci⁴
1162 1829 1271 1866 morus
1289 1815 1399 1866 autem
1416 1811 1600 1866 novissima

897 1901 1071 1969 germinat,
1090 1899 1296 1968 cumprimis
1315 1898 1395 1953 folia
1412 1898 1567 1953 dimittit.

243 2435 332 2500 Haec
364 2440 444 2522 quin
473 2460 514 2504 ex
540 2439 755 2523 Theophrasto
786 2443 954 2504 mutuatus
978 2439 1019 2501 sit
1046 2437 1185 2518 Plinius,
1208 2437 1357 2519 equidem
1380 2455 1448 2499 non
1471 2437 1598 2516 dubit03

139 2557 214 2605 num
237 2543 355 2625 omnia,
379 2564 462 2626 quae
492 2551 628 2628 uterque
651 2544 788 2629 praehet,
818 2543 914 2627 plane
941 2545 1136 2622 congruunt,
1166 2541 1231 2603 nisi
1254 2541 1340 2623 quod
1363 2539 1492 2605 Plinius
1520 2543 1599 2607 inter

138 2661 204 2721 eas,
234 2664 327 2727 quae,
356 2649 415 2711 etsi
447 2649 568 2731 primae
598 2651 788 2733 germinent,
816 2650 900 2711 inter
928 2647 1121 2710 novissimas
1149 2644 1224 2708 folia
1247 2644 1431 2728 deperdant,
1462 2645 1597 2724 arbores,

141 2753 266 2829 praeter
290 2751 476 2834 amygdalas
499 2759 665 2816 enumerat
688 2752 841 2832 fraxinos,
865 2749 1011 2831 sabucus,
1034 2769 1115 2832 quas
1130 2749 1365 2832 Theophrastus
1380 2769 1447 2813 nou
1463 2767 1599 2815 comme
1636 2834 1638 2843 Ι

144 2857 255 2914 morat.
302 2852 364 2917 Sed
388 2875 463 2919 cum
487 2861 590 2921 cetera
611 2876 741 2940 prorsus
770 2855 980 2936 consentiant,
1010 2855 1067 2917 has
1097 2852 1224 2917 arbores
1254 2852 1384 2917 aliunde
1415 2854 1598 2938 desumptas
1636 2866 1638 2949 l

137 2953 174 3016 in
199 2973 244 3038 ea,
269 2976 351 3039 quae
374 2978 416 3022 ex
437 2959 651 3044 Theophrasto
675 2965 841 3024 mutuatus
864 2963 940 3040 erat,
962 2957 1107 3021 Plinium
1129 2957 1303 3021 inseruisse
1325 2961 1414 3040 puto.
1636 2968 1638 3035 l

209 3081 233 3134 7.
262 3075 363 3133 Δοκεῖ
381 3078 631 3156 οὲ-καὶὴχώρα
654 3075 868 3153 σορβαλλε-4
966 3080 1041 3148 584.
1086 3076 1200 3144 Magna
1228 3080 1260 3130 et
1289 3077 1322 3130 in
1351 3076 1411 3131 hoc
1440 3077 1498 3132 vis
1528 3078 1598 3136 soli.
1636 3042 1638 3051 Ι

137 3161 214 3216 char
232 3165 288 3217 καὶ
307 3161 320 3219 δ
338 3164 441 3226 τόπος
460 3163 473 3221 δ
493 3169 595 3240 &reaper
619 3167 699 3242 πρὸς
720 3166 754 3222 τὸ
773 3169 843 3221 δια,

139 3250 268 3319 μένειν·
293 3249 332 3304 τά
356 3251 415 3326 γάρ
440 3255 472 3307 ἐν
496 3262 567 3314 τοῖς
587 3254 696 3329 ἱεροῖς
714 3257 758 3309 καὶ
778 3249 844 3314 ὅλως

136 3335 352 3409 λεπτογείοις
370 3339 520 3416 πρότερα
545 3343 763 3416 φυλλοβολεῖ·
788 3343 844 3394 καὶ

137 3419 177 3475 τὰ
195 3423 410 3500 πρεσβύτερα
434 3429 468 3482 δὲ
492 3435 552 3483 τῶν
574 3432 666 3484 νέων.
697 3424 792 3483 Ἔνια
810 3429 844 3481 δὲ

137 3511 194 3564 καὶ
237 3510 296 3585 πρὸ
332 3519 389 3568 τοῦ
426 3521 575 3570 πεπᾶναι
610 3514 666 3569 τὸν
703 3511 842 3587 καρπὸν,

136 3593 329 3669 ἀποβάλλει
348 3599 385 3654 τά
405 3599 527 3674 φύλλα,
547 3600 699 3675 καθάπερ
719 3602 751 3656 αἱ
770 3595 843 3675 ὄψι-

138 3703 193 3754 per
220 3693 322 3740 curci
348 3690 406 3742 καὶ
434 3685 591 3764 ἀχράδες.
636 3687 701 3742 Τῶν
730 3684 753 3741 δ’
776 3684 843 3742 άει-

138 3767 273 3842 φύλλων
301 3770 320 3845 ἡ
347 3775 467 3847 αποβολή
494 3778 539 3830 καὶ
564 3773 581 3848 ἡ
610 3773 748 3848 βλάστησις
774 3774 842 3829 κατά

896 3165 992 3232 prius
1019 3164 1183 3219 decidunt
1208 3164 1242 3216 in
1269 3163 1373 3217 siccis
1398 3165 1597 3234 maurisque,

897 3253 929 3305 et
945 3253 1097 3306 vetustae
1116 3250 1210 3318 prius
1228 3250 1351 3318 arbori,
1369 3250 1487 3305 multis
1503 3252 1598 3306 etiam

897 3340 1071 3406 antequam
1088 3338 1290 3391 maturescat
1300 3337 1443 3407 fructus,
1462 3339 1500 3392 ut
1515 3351 1598 3393 sero·

897 3425 989 3479 tinae
1016 3424 1082 3479 fico
1109 3427 1142 3477 et
1167 3423 1329 3477 hibernae
1356 3424 1443 3492 piro,
1474 3427 1504 3478 et
1525 3425 1598 3483 ¹malo

896 3513 1036 3579 granatum
1054 3511 1125 3579 quod
1143 3512 1186 3564 est
1202 3527 1312 3579 pomum
1329 3511 1434 3564 tantum
1451 3511 1598 3581 adspicitur
1636 3548 1638 3575 2

896 3598 926 3652 in
943 3600 1037 3652 matre.
1074 3597 1190 3666 Neque
1212 3598 1266 3651 his
1288 3600 1499 3666 actamquae
1518 3615 1597 3653 sem·
1636 3610 1638 3617 ’

896 3702 954 3754 per
979 3685 1128 3740 retinent
1154 3701 1264 3739 comas
1291 3685 1401 3739 cadem
1429 3685 1515 3740 tolia
1541 3687 1598 3741 du·

894 3774 986 3840 rant,
1011 3773 1071 3826 sed
1094 3771 1392 3826 subnascentibus
1418 3771 1505 3827 aliis
1531 3776 1598 3829 tum

894 3865 1061 3914 arescunt
1084 3861 1217 3925 vetera,
1245 3859 1333 3927 quod
1358 3859 1480 3914 evenit
1506 3861 1599 3916 circa

895 3945 1056 4002 solstitia
1073 3961 1234 3999 maxume.

137 3857 229 3930 μέρος·
255 3855 290 3913 od
310 3859 369 3934 γάρ
389 3861 428 3934 δὴ
452 3859 557 3917 ταύτὰ
582 3864 647 3916 αἰεὶ
672 3863 840 3934 διαμένει,

136 3939 271 3999 άλλὰτὰ
291 3951 348 4018 μὲν
362 3947 558 4019 βλαστάνει,
577 3949 616 4004 τά
634 3946 841 4023 δ’άφαοαίνε-

135 4050 198 4084 ται.
244 4031 351 4086 Τοῦτο
380 4035 414 4089 δὲ
441 4039 517 4110 περὶ
543 4035 667 4110 τροπάς
695 4034 842 4109 μάλιστα

135 4118 265 4189 γίνεται
284 4120 429 4193 θερινάς.

241 4225 371 4292 Praeter
404 4247 455 4310 ea,
497 4248 579 4312 quae
613 4229 741 4292 Plinius
779 4228 855 4291 dicit
890 4227 929 4290 de
961 4226 1045 4289 malo
1079 4229 1230 4309 granato,
1275 4225 1383 4287 omnia
1426 4226 1598 4311 utriusque

135 4331 274 4392 auctoris
310 4331 408 4396 verba
439 4334 632 4398 verbotenus
665 4332 729 4398 fere
763 4336 954 4415 congruunt.
1012 4329 1116 4406 Quare
1150 4334 1233 4392 certe
1262 4328 1515 4411 Theophrastum
1549 4332 1599 4394 hic

136 4440 299 4498 auctorem
323 4454 392 4499 esse
415 4435 517 4499 Plinii
539 4441 618 4520 puto
643 4442 674 4500 et
695 4436 751 4500 illa
774 4437 813 4499 de
835 4435 929 4498 malis
951 4435 1092 4519 granatis
1116 4432 1200 4495 dicta
1223 4431 1353 4496 aliunde
1369 4449 1439 4496 esse
1455 4440 1596 4518 sumpta.

964 4557 1034 4624 §85-
1061 4553 1241 4608 Foliorum
1259 4552 1373 4605 unitas
1392 4544 1427 4603 in
1445 4567 1508 4607 suo
1527 4555 1598 4609 cui-

134 4639 199 4692 λων
219 4642 365 4715 δένδρων
386 4639 487 4716 ὅμοια
505 4642 638 4698 πάντων
659 4640 840 4698 adadenu-
894 4659 959 4711 que
987 4657 1107 4710 genere
1136 4641 1325 4708 permanet,
1355 4639 1597 4709 praeterquam

134 4731 219 4791 τοῖς,
250 4734 309 4802 τῆς
340 4729 515 4804 ὃὲλεάκης
545 4733 602 4786 καὶ
633 4735 691 4785 τοῦ
723 4735 839 4784 κιττοῦ
894 4728 1035 4797 populo,
1071 4727 1233 4794 hederae,
1269 4724 1421 4792 crotoni,
1459 4741 1542 4795 qnam
1573 4730 1598 4782 et

204 4551 226 4620 Ῑ,
247 4557 330 4620 10,1.
367 4554 412 4609 Τά
432 4557 465 4610 δὲ
485 4555 591 4630 φάλλα
615 4562 675 4611 τῶν
702 4561 759 4629 μὲν
785 4553 842 4611 άλ-

94 5018 152 5104 ἱ
