3188 5206
758 203 800 266 93

126 421 129 425 ’
155 409 405 492 Theophrastum
430 411 538 493 ipsum
561 410 614 473 hic
636 429 705 475 esse
728 409 907 474 adhibitum
930 429 991 473 non
1019 416 1105 494 puto.
1129 424 1133 433 ’

155 511 240 588 Quae
273 519 428 579 secuntur
449 515 484 577 in
522 533 651 597 paragr.
675 514 870 596 233-237,
901 517 984 599 apud
1009 516 1259 598 Theophrastum
1290 536 1355 579 non
1380 523 1509 581 exstant

75 622 98 680 et
114 635 147 680 ex
167 615 281 681 Latino
312 623 441 682 auctore
464 621 595 700 sumpta
617 623 703 681 sunt.
750 618 789 681 ln
819 637 940 703 paragr.
964 621 1029 685 236
1051 620 1178 683 Plinius
1208 622 1277 705 ipse
1305 640 1339 684 se
1367 621 1508 685 Masurio

75 738 149 789 usum
169 740 239 784 esse
262 727 390 785 auctore
412 721 587 805 profitetur.
691 735 694 738 ·

10 780 19 899 ·-·-·--=¹
10 18 25 763 ·.·-=·--³--·-·=---⁷···**-·=·T-r-.—z-·n—=rr·-a

10 912 12 919 Ι
124 840 165 907 Ν,
194 842 236 906 13,
263 844 287 898 2.
334 840 406 901 Τινὲς
434 845 462 896 δέ
490 863 552 915 φασι
579 843 624 896 καὶ
650 839 698 912 τὴν
726 843 752 894 έν
876 842 891 908 ἓ
922 847 983 900 238.
1037 842 1106 896 Sunt
1140 844 1262 896 auctores
1294 845 1322 896 et
1350 843 1509 912 Delphicam

10 922 16 945 *
73 924 158 1001 Δελφοῖς
186 925 318 982 πλάτανον
349 924 527 1001 Ἀγαμέμνονα
558 933 682 1002 φυτεῦσαι
709 931 754 983 καὶ
806 928 943 996 platanum
952 929 1160 996 Agamemnonis
1175 945 1255 982 manu
1268 931 1352 983 satam
1363 932 1391 983 et
1399 930 1508 984 alteram

72 1011 107 1085 τὴν
122 1015 144 1067 ἐν
161 1012 283 1087 Καφάαις
301 1020 348 1087 τῆς
364 1011 506 1088 Ἀρκαδίας.
807 1015 926 1083 Caphyis
947 1015 1073 1068 Arcadiae
1090 1014 1177 1069 lucos

155 1119 202 1185 De
226 1120 405 1207 arboribus,
430 1141 513 1205 quae
536 1123 601 1185 sint
623 1123 656 1184 in
682 1121 827 1204 sepulcro
843 1121 1021 1202 Protesilai,
1044 1120 1278 1204 Theophrastus
1301 1123 1380 1186 nihil
1403 1124 1505 1188 refert.

10 952 17 1099 ——a—-

12 1094 19 1109 1

10 1392 12 1397 -
10 1346 12 1351 -
10 1110 19 1293 -ι-ᾞντ

880 1241 975 1307 „iuxta
1010 1241 1103 1294 urbem
1138 1245 1228 1296 autem
1264 1259 1379 1310 quercus
1415 1244 1444 1296 in
1473 1244 1508 1297 lli

802 1327 907 1381 tumulo
937 1331 1002 1382 tuno
1033 1329 1104 1381 satae
1140 1329 1282 1392 dicuntur,
1318 1347 1381 1383 oum
1417 1331 1507 1398 coepit
1543 1400 1546 1405 Ι

122 1239 182 1293 ibid.
211 1240 309 1314 φηγοὺς
327 1243 355 1296 δὲ
372 1241 419 1302 τδις
437 1244 464 1295 έν
482 1239 558 1315 Ἰλίῳ,
578 1240 625 1301 τὰς
643 1242 685 1296 ἐπί
702 1247 749 1296 τοῦ

67 1319 120 1380 Ἴλαν
135 1325 275 1400 μνήματος.

10 1438 16 1479 ,
66 1451 70 1454 .
802 1413 886 1466 ilium
905 1414 1025 1469 vocari‘.

10 1590 13 1599 ¹
120 1479 123 1487 Ι
154 1517 242 1593 Quae
265 1526 420 1582 secuntur
442 1520 477 1582 in
499 1540 625 1604 paragr.
649 1521 712 1585 239
737 1527 768 1584 et
789 1522 882 1583 initio
904 1540 1025 1603 paragr.
1049 1521 1123 1602 240,
1150 1522 1235 1604 apud
1258 1523 1508 1605 Theophrastum

70 1639 121 1683 non
140 1629 273 1687 exstant.

123 1739 184 1796 ibid
212 1745 301 1798 ἐλαίαν
322 1748 367 1816 μὲν
385 1743 432 1818 γὰρ
450 1746 551 1816 λέγουσι
563 1743 611 1815 τὴν
623 1741 752 1818 Ἀθήνῃσι,
875 1746 890 1812 ἕ
908 1749 969 1803 240.
1066 1760 1115 1796 nec
1133 1761 1186 1797 11011
1205 1745 1291 1812 palma
1304 1744 1366 1798 Deli
1384 1745 1416 1798 ab
1434 1746 1509 1798 eius·

67 1827 151 1896 polum
173 1831 201 1884 δὲ
224 1829 269 1885 τὸν
295 1833 320 1884 ἐν
346 1829 438 1904 Δήλῳ,
467 1828 569 1884 κότινον
599 1833 626 1886 δὲ
655 1832 699 1886 τὸν
725 1834 751 1886 ἐν
807 1832 867 1884 dem
880 1831 924 1884 dei
937 1832 1021 1884 aetate
1035 1830 1209 1898 conspicitur,
1228 1830 1368 1899 Olympiae
1387 1831 1507 1898 oleaster,

78 1908 177 1990 Ολάμπῳ
197 1913 242 1992 ἀφ’
257 1913 286 1972 οὗ
307 1915 320 1971 δ
339 1921 474 1992 στέφανος.
806 1934 841 1970 ex
869 1934 921 1985 quo
949 1917 1052 1984 primus
1076 1917 1207 1970 Hercules
1235 1920 1378 1971 coronatus
1405 1922 1455 1984 est,
1482 1920 1509 1971 et

806 2020 878 2056 nunc
897 2004 1049 2057 custoditur
1066 2004 1168 2072 religio.
1199 2005 1314 2057 Athenis
1334 2021 1439 2072 quoque
1452 2004 1509 2058 olea

807 2090 901 2143 durare
919 2090 1034 2143 traditur
1051 2091 1081 2143 in
1099 2091 1242 2144 certamine
1260 2092 1332 2144 edita
1349 2091 1507 2144 aMinerva.

150 2212 212 2276 Hic
234 2234 298 2276 non
316 2213 530 2298 Theophrasto
553 2216 623 2297 ipso
648 2234 746 2277 usum
769 2233 839 2278 esse
862 2219 940 2297 puto
957 2214 1114 2298 Plinium,
1138 2216 1193 2279 sed
1211 2220 1339 2279 auctore
1356 2215 1506 2298 quodam,

68 2315 114 2392 qui
133 2318 275 2401 exempla
299 2318 478 2400 conlegerat
501 2317 650 2381 arborum
673 2323 774 2381 aetate
797 2320 989 2400 insignium.

119 2451 162 2521 IV,
190 2459 230 2520 13,
258 2460 283 2512 2.
329 2453 500 2532 βραχέβια
528 2453 615 2510 δὲτὰ
641 2462 749 2510 τοιαῦτα

65 2530 271 2614 ὁμολογουμέναις,
304 2544 357 2596 οἷον
389 2541 462 2618 ῥόα,
494 2548 590 2615 συκῆ,
623 2544 748 2615 μηλέα,

10 2660 13 2667 =
64 2625 257 2684 καὶτούτων
294 2628 312 2701 ἡ
343 2627 442 2703 ἠρινὴ
479 2631 608 2701 μᾶλλον
639 2631 696 2683 καὶ
730 2625 747 2701 ἡ

63 2708 184 2776 γλυκεῖα
207 2721 266 2788 τῆς
291 2713 417 2780 ὀξείας,
444 2712 553 2790 ὥσπερ
576 2723 639 2771 τῶν
664 2719 748 2790 ῥοῶν

58 2791 220 2875 ἦᾶπάρηνος.
257 2800 436 2878 Βραχάβια
461 2804 495 2857 δὲ
513 2801 747 2876 καὶοίμπέλων

22 2880 121 2940 'dim
136 2893 225 2963 γένη,
245 2892 298 2944 καὶ
317 2887 462 2963 μάλιστα
480 2889 518 2944 τὰ
536 2888 748 2964 πολάκαρπα.

118 3145 216 3203 Δοκεῖ
243 3151 276 3203 δὲ
300 3153 356 3202 καὶ
380 3148 419 3202 τά
444 3147 596 3222 πάρυδρα
623 3152 748 3224 βραχυ-

61 3227 187 3309 βιώτερα
206 3241 269 3290 τῶν
289 3237 321 3288 έν
341 3243 413 3296 τοῖς
435 3235 521 3310 ξηροῖς
540 3238 604 3291 εἶναι

116 3328 138 3379 3.
161 3319 251 3377 Ἔνιοι
271 3324 303 3376 δὲ
321 3320 486 3396 γηράσκει
505 3327 561 3396 μὲν
580 3326 625 3378 καὶ
638 3321 748 3396 σήπεται

60 3412 189 3482 ταχέως,
218 3408 500 3482 παραβλαστάνει
529 3412 562 3465 δὲ
585 3409 686 3465 πάλιν
712 3413 748 3464 ἐκ

58 3497 108 3548 τῶν
135 3495 256 3560 αὐτῶν,
289 3492 376 3570 ὥσπερ
407 3498 438 3551 αἱ
470 3495 595 3572 δάφναι
626 3500 683 3551 καὶ
716 3498 748 3551 αὶ

38 3578 169 3654 ’μηλέαι
187 3586 243 3637 καὶ
262 3585 293 3636 αἱ
313 3582 388 3656 ῥόαι

115 3676 137 3727 5.
173 3667 253 3746 ’λάχ’
272 3666 308 3722 δν
332 3671 384 3743 εἴη
410 3669 693 3744 μακροβιώτατον
717 3669 747 3724 τὸ

54 3753 146 3817 πάντως
170 3754 311 3828 δυνάμενον
334 3754 479 3831 αὐταρκεῖν,
506 3753 592 3831 ὥσπερ
611 3754 628 3829 ἡ
649 3758 747 3811 ἐλαία

139 3843 242 3898 Δοκεῖ
265 3845 299 3898 δὲ
323 3842 335 3897 δ
355 3845 426 3916 βίος
448 3850 507 3916 τῆς
525 3865 560 3916 γε
580 3849 657 3916 μιᾶς
682 3844 747 3897 εἶναι

49 3928 155 4002 μάλιστα
173 3933 251 4005 περὶ
269 3933 326 4004 ἔτη
346 3929 514 3986 διακόσια.

872 2456 965 2522 ἕ241.
1002 2453 1043 2506 Ex
1068 2455 1176 2508 diverso
1195 2455 1410 2508 brevissima
1433 2455 1508 2507 vita

802 2546 857 2595 est
883 2541 1041 2610 punicis,
1069 2541 1153 2608 fico,
1181 2539 1297 2607 malis,
1325 2542 1358 2593 et
1385 2558 1426 2594 ex
1452 2541 1508 2594 his

802 2627 1037 2696 praecocibus
1072 2627 1215 2681 brevior
1257 2643 1337 2695 quam
1373 2628 1507 2694 serotinis,

803 2715 971 2769 dulcibus
997 2731 1095 2783 quam
1119 2714 1251 2780 acutis;
1275 2716 1309 2767 et
1333 2714 1448 2768 dulciori
1472 2715 1508 2768 in

801 2801 958 2870 punicis,
977 2802 1062 2855 item
1080 2801 1115 2855 in
1134 2801 1290 2871 vitibus,
1316 2802 1507 2869 praecipue

800 2888 1058 2943 fertilioribus
1108 2913 1109 2916 ¹

871 2975 1017 3029 Graecinus
1053 2978 1144 3029 auctor
1180 2977 1221 3028 est
1257 2976 1397 3042 sexagenis
1429 2976 1507 3028 annis

800 3063 911 3116 durasse
929 3063 1006 3115 vitis.

870 3149 1044 3202 Videntur
1072 3151 1105 3202 et
1132 3149 1317 3216 aquaticae
1348 3147 1505 3202 celerius
1543 3147 1545 3151 ’

800 3237 961 3304 interire.
1015 3238 1209 3290 senescunt
1238 3235 1378 3303 quidem
1408 3235 1505 3289 velo-

801 3323 904 3389 citer,
932 3324 989 3375 sed
1018 3340 1032 3375 e
1060 3322 1244 3376 radicibus
1271 3321 1505 3390 repullulant,

800 3409 921 3480 laurus
940 3412 972 3462 el
990 3409 1072 3462 mali
1091 3412 1122 3462 et
1140 3409 1300 3476 punicae.
1331 3409 1505 3462 firmissi-

800 3512 870 3549 mae
889 3512 969 3564 ergo
987 3496 1026 3549 ad
1044 3495 1228 3549 vivendum
1247 3495 1352 3562 oleae,
1371 3497 1406 3548 ut
1425 3511 1505 3563 quas

800 3584 924 3637 durare
943 3584 1045 3636 annis
1065 3582 1114 3636 CC
1132 3583 1225 3635 inter
1243 3584 1405 3636 auctores
1424 3599 1505 3636 oon·

800 3670 926 3727 veniat.

148 4053 238 4118 Haeo
262 4057 341 4137 quin
365 4055 577 4138 Theophrasto
612 4054 724 4118 debeat
746 4054 885 4133 Plinius,
914 4055 994 4116 mihi
1026 4053 1157 4136 quidem
1190 4051 1325 4114 dubium
1356 4070 1421 4114 non
1445 4057 1503 4134 est,
1541 4078 1550 4087 ⁵

49 4159 104 4222 sed
126 4159 342 4242 neglegenter,
363 4164 400 4221 ut
423 4160 512 4241 solet,
539 4160 591 4221 hic
613 4178 726 4222 rursus
750 4160 819 4222 eius
842 4158 939 4222 verba
960 4158 1106 4221 reddidit.
1151 4155 1242 4229 Dicit
1251 4154 1501 4238 Theophrastus:

46 4261 162 4345 „Brevi
185 4245 251 4325 vita
274 4269 350 4326 sunt
374 4312 381 4326 .
401 4312 407 4325 .
426 4312 432 4326 .
452 4312 459 4325 .
482 4265 615 4347 punica,
638 4263 730 4344 ficus,
753 4263 859 4326 malus
882 4268 913 4326 et
936 4281 978 4325 ex
1000 4262 1049 4324 his
1073 4261 1218 4324 breviore
1233 4279 1332 4323 verna
1352 4265 1383 4323 et
1398 4261 1502 4324 dulcis

46 4384 142 4449 quam
174 4367 274 4448 acida,
305 4374 342 4431 ut
365 4388 381 4431 e
404 4369 533 4450 punicis
556 4387 601 4448 ea,
635 4386 717 4449 quae
745 4366 860 4429 nucleo
891 4367 1013 4446 caret“;
1044 4366 1171 4428 Plinius
1200 4363 1407 4446 „brevissima
1436 4366 1503 4428 rita

41 4474 93 4534 est
114 4471 253 4553 punicis,
276 4471 347 4552 fico,
370 4471 463 4535 malis
487 4477 518 4536 et
541 4491 583 4536 ex
605 4473 655 4535 his
678 4469 887 4553 praecocibus
910 4470 1037 4533 brevior
1053 4489 1150 4552 quam
1169 4469 1327 4551 serotinis,
1351 4468 1501 4532 dulcibus

44 4593 143 4657 quam
166 4576 270 4638 acutis
293 4579 324 4638 et
349 4575 485 4640 dulciori
507 4578 542 4638 in
565 4576 725 4659 punicis“.
772 4574 940 4658 Supplevit
971 4575 1071 4657 igitur
1100 4579 1172 4656 post
1201 4571 1239 4656 ,ἡ
1262 4571 1347 4657 ipah
1371 4577 1502 4657 μᾶλλονιι

39 4683 111 4757 ,τῆς
139 4676 253 4764 balaal,
285 4679 401 4744 deinde
432 4701 488 4764 pro
522 4679 595 4766 ,ῥόα
624 4677 790 4764 οἰιτάρνροςιι
822 4680 949 4762 scripsit
980 4678 1123 4760 „dulcior
1149 4679 1184 4740 in
1216 4677 1374 4761 punicis“.
1431 4676 1501 4740 Etsi
1568 4742 1574 4753 ,

42 4803 111 4848 non
133 4783 251 4848 falsum
274 4803 343 4849 esse
366 4785 446 4847 mihi
469 4785 596 4849 videtur
626 4786 790 4868 punicam,
823 4803 905 4866 quae
933 4784 1049 4846 nucleo
1079 4791 1194 4864 careat,
1224 4782 1399 4844 dulciorem
1431 4799 1501 4845 esse
