3188 5206
671 169 712 235 57

64 369 157 448 Quae
183 374 218 436 in
248 393 371 458 paragr.
396 375 460 441 132
492 375 619 440 Plinius
649 375 749 442 adfert
777 380 935 464 exempla,
970 381 1078 445 omnia
1112 385 1239 466 sumpta
1270 386 1347 445 sunt
1377 400 1423 446 ex

52 477 95 539 ria
117 476 282 560 Romana3
305 479 392 563 apud
416 478 667 563 Theophrastum
690 482 790 564 igitur
811 489 937 550 exstare
959 505 1027 548 non
1049 491 1196 569 possunt,
1228 485 1283 550 sed
1307 485 1425 550 Latino

52 582 82 644 ri
107 581 273 649 debentur.

63 683 155 762 Quae
187 687 223 750 in
254 707 376 773 paragr.
401 687 465 754 133
495 687 624 753 Plinius
657 689 793 774 disserit,
827 695 969 758 maxima
1008 713 1050 757 ex
1082 697 1172 777 parte
1206 713 1281 757 cum
1315 692 1426 757 verbis

52 791 171 875 phrasti
193 797 393 875 congruunt,
418 793 474 857 sed
496 793 663 876 platanum
678 796 839 860 Antandri
860 799 1053 882 prociduam
1068 797 1302 880 Theophrastus
1324 797 1422 861 tradit

52 913 103 958 em
126 892 228 960 luisse
252 915 349 978 quam
373 897 484 961 decem
507 896 626 980 cubita,
648 897 776 963 Plinius
800 903 986 984 quindecim
1005 901 1115 966 cubita
1130 901 1234 966 altam.
1282 900 1344 965 Sed
1360 902 1420 964 hac

52 1019 71 1080 ι,
94 1019 170 1062 cum
192 1003 297 1064 cetera
319 1006 509 1085 congruant,
532 1003 610 1066 certi
634 1003 808 1086 quicquam
832 1007 1024 1071 concludere
1052 1026 1117 1069 non
1141 1005 1253 1070 audeo.

62 1102 128 1167 Sed
150 1123 303 1186 magnam
327 1107 544 1189 suspicionem
559 1107 639 1169 mihi
654 1109 773 1172 excitat
788 1129 909 1193 paragr.
925 1111 995 1175 131.
1044 1110 1205 1194 Equidem
1229 1109 1425 1174 contendere

52 1228 80 1290 n,
104 1208 183 1272 haec
206 1211 360 1273 continua
383 1229 425 1274 ex
448 1229 515 1273 uno
538 1215 667 1274 auctore
689 1211 833 1276 Plinium
857 1233 926 1278 esse
948 1219 1143 1279 mutuatum.

52 1349 59 1376 ,
89 1314 113 1377 1,
142 1316 165 1368 1.
210 1311 243 1365 Al
270 1315 381 1383 γενέσεις
408 1318 457 1367 τῶν
483 1314 594 1386 δένδρων
618 1316 663 1367 καί

52 1403 92 1451 :dm
112 1403 197 1472 φυτῶν
216 1395 390 1470 ἢαῦτόματοι
408 1396 426 1472 ἢ
445 1396 496 1454 ἀπὸ
516 1403 663 1474 σπέρματος

66 1485 136 1557 ῥίζης
161 1480 179 1557 ἤ
198 1481 250 1540 ἀπὸ
274 1484 444 1559 παρασπάδος
467 1483 485 1559 ἢ
510 1483 561 1541 άπὸ
587 1484 662 1560 ἀκρε-

55 1567 73 1643 ἢ
92 1570 144 1626 απὸ
160 1571 260 1634 κλωνὸς
277 1570 295 1645 ἢ
312 1570 358 1628 ἀπ’
371 1570 452 1628 abach
463 1580 510 1628 τοῦ
524 1575 663 1649 στελέχους

52 1687 55 1730 ,
74 1659 112 1712 ἔτι
129 1664 177 1712 τοῦ
197 1657 274 1719 Edico
292 1664 488 1721 κατακοπέντας
512 1663 548 1722 είς
567 1658 662 1733 μικρά·

52 1766 65 1818 ρ
86 1740 170 1805 οὕτως
189 1746 244 1800 ἔνια
263 1744 363 1820 φάεται.
406 1745 513 1802 Τούτων
532 1750 560 1802 δὲ
578 1744 596 1820 ἡ
615 1750 661 1818 μὲν

52 1852 104 1892 ιτος
117 1829 207 1905 προίτη
220 1853 272 1892 τις·
292 1835 319 1888 αἱ
337 1836 365 1889 δὲ
384 1832 436 1889 ἀπὸ
448 1839 596 1908 σπέρματος
618 1836 663 1888 καὶ

52 1915 224 1993 ροσικάπαται
242 1919 337 1982 δόξειεν
351 1917 396 1976 άν·
415 1918 500 1996 ὥσπερ
519 1921 567 1995 γὰρ
587 1917 663 1975 αὐτά-

58 2008 105 2060 καί
124 2002 209 2061 αὗταί.
245 2005 291 2062 Διὸ
316 2011 363 2064 καὶ
384 2016 438 2069 τοῖς
462 2006 559 2083 ἀγρίοις
582 2005 662 2080 ὑπάρ-

54 2114 60 2129 ·
80 2094 106 2147 αἱ
125 2095 153 2148 δὲ
172 2089 249 2148 άλλαι
267 2096 362 2170 τέχνης
380 2091 399 2167 ἤ
416 2099 599 2170 προαιρέσεως.

53 2220 60 2246 ,
82 2183 107 2247 2,
131 2185 179 2238 10:
208 2182 279 2254 είπερ
305 2179 368 2255 μηδ’
381 2177 448 2243 ὅλως
473 2184 528 2237 ἔνια
552 2180 662 2256 φύεσθαι

52 2265 246 2339 κεταβοίλλοντα
264 2268 324 2329 τοὺς
342 2266 445 2329 τόπους.

52 2353 73 2420 ἱ,
96 2359 123 2421 6,
149 2361 173 2413 1.
213 2355 244 2409 τὸ
272 2357 301 2410 δὲ
328 2353 463 2428 βάλσαμον
490 2358 586 2427 γίνεται
615 2359 661 2427 μὲν

57 2437 153 2495 aliea
168 2446 208 2513 τῷ
221 2443 281 2515 περὶ
298 2441 400 2516 Συρίαν.

85 2523 174 2602 ἄγριον
189 2530 217 2582 δὲ
229 2524 304 2583 οὐδὲν
318 2530 382 2584 εἶναι
393 2527 526 2601 βάλσαμον
537 2527 662 2601 οὐδαμοῦ.

52 2613 70 2682 ί,
93 2619 120 2680 4,
144 2618 168 2670 2.
205 2616 251 2668 καὶ
276 2616 358 2669 ἔοικεν
383 2611 450 2676 ὅλως
475 2613 488 2670 ὃ
512 2616 575 2690 πρὸς
600 2613 662 2670 οίνα·

52 2702 95 2754 καὶ
114 2702 278 2775 μεσημβρίαν
298 2697 381 2777 ὥσπερ
400 2705 445 2757 καὶ
464 2706 516 2775 ζῷα
534 2707 579 2757 καί
594 2703 662 2777 φυτὰ

60 2787 113 2841 ἴδια
130 2787 203 2861 παρὰ
217 2787 278 2848 τοὺς
297 2784 405 2849 ἄλλους·
425 2791 478 2844 οἷον
497 2788 515 2862 ἥ
533 2811 562 2844 τε
580 2792 661 2863 μηῦία

52 2877 95 2928 καὶ
118 2873 212 2948 Περσίς
236 2870 304 2930 άλλα
327 2896 357 2930 τε
381 2877 437 2951 ἔχει
460 2879 542 2932 πλείω
565 2881 610 2932 καὶ
631 2877 661 2932 τὸ

64 2961 93 3015 τὸ
118 2960 228 3034 μηδικὸν
252 2957 270 3035 ἢ
294 2961 324 3016 τὸ
342 2962 464 3037 περσικὸν
490 2962 660 3036 καλούμενον.

53 3047 73 3116 Ι,
94 3053 119 3115 3,
138 3053 170 3106 5:
196 3045 209 3103 ὁ
229 3050 257 3104 δὲ
275 3049 357 3124 φοῖνιξ
375 3053 433 3124 περὶ
452 3054 498 3122 μὲν
517 3050 661 3123 Βαβνλωνα

52 3133 111 3198 στὸς,
137 3137 165 3190 έν
190 3137 218 3190 δὲ
235 3141 268 3211 τῇ
284 3133 392 3192 ‘Elida
417 3133 477 3191 οὐδὲ
501 3139 660 3201 πεπαίνεται,

52 3223 105 3281 νίοις
126 3223 155 3277 δὲ
174 3218 241 3283 ὅλως
259 3220 320 3278 οὐδὲ
337 3225 474 3298 προφαίνει
492 3222 601 3297 καρπόν.

52 3306 72 3376 i,
90 3314 116 3376 4,
134 3313 160 3367 2.
196 3311 294 3382 γίνεται
313 3298 359 3381 μὲν
379 3306 424 3364 οὖν
444 3307 458 3364 ὃ
476 3311 579 3382 λίβανος

52 3415 66 3449 :a
93 3395 124 3450 τὸ
154 3394 303 3469 κινοίνωμον
340 3398 366 3450 έν
396 3402 430 3470 τῇ
460 3403 511 3451 τῶν
544 3394 659 3471 Ἀράβων

52 3479 120 3556 Ιήσιρ,
148 3484 209 3556 περί
231 3503 261 3537 τε
285 3481 359 3556 Σαβὰ
381 3487 426 3538 καὶ
448 3481 593 3559 Ἀδραμάτα
616 3487 662 3540 καὶ

53 3588 88 3622 ινα
105 3572 151 3624 καὶ
169 3567 290 3641 Μαμάλι,

52 3653 71 3722 i,
90 3661 114 3724 7,
132 3661 157 3714 2.
195 3656 226 3711 τὸ
245 3658 273 3712 δὲ
290 3656 469 3732 καρδάμωμον
489 3661 534 3712 καὶ
550 3654 659 3730 ἄμωμον

785 1315 801 1381 ἕ
821 1320 878 1374 134.
915 1318 1039 1385 Arbores,
1059 1331 1125 1385 quas
1143 1319 1252 1370 naturae
1267 1315 1424 1382 debeamuS,

715 1401 804 1455 tribus
828 1402 916 1456 modis
940 1405 1096 1469 nascuntur,
1124 1405 1218 1471 sponte
1244 1404 1292 1456 aut
1318 1401 1421 1455 semine

715 1491 762 1541 aut
779 1489 812 1542 ab
829 1489 929 1543 radice.
965 1506 1029 1543 cura
1052 1491 1219 1545 numerosior
1241 1489 1360 1557 exsistit,
1387 1488 1423 1541 de

716 1591 769 1643 qua
786 1591 836 1631 suo
854 1577 977 1630 dicemus
995 1576 1141 1631 volumine.
1172 1593 1244 1631 nunc
1261 1576 1334 1630 enim
1346 1577 1424 1629 totus

714 1677 802 1717 sermo
826 1663 972 1717 denatura
997 1664 1039 1718 est
1056 1663 1152 1720 multis
1176 1663 1264 1718 modis
1288 1662 1423 1730 mirisque

714 1749 889 1803 memorabili.
926 1765 1041 1818 namque
1065 1766 1118 1804 non
1143 1749 1231 1804 omnia
1248 1751 1277 1802 in
1296 1748 1422 1803 omuibus

713 1835 782 1890 locis
808 1836 884 1890 nasci
912 1837 954 1905 (cl.
982 1836 1060 1905 Verg.
1088 1835 1180 1911 Georg.
1206 1835 1242 1903 ΙΙ,
1274 1841 1338 1894 109:
1371 1851 1420 1890 neo

714 1939 777 1977 vero
803 1926 897 1978 ,terrae
933 1925 1000 1977 ferre
1037 1939 1129 1977 omnes
1167 1922 1256 1977 omnia
1287 1923 1424 1990 possunt.)
1458 1966 1460 1971 .

715 2010 872 2077 deminuo,
900 2026 949 2065 nec
976 2009 1105 2064 translata
1134 2010 1234 2064 vivere.
1278 2009 1329 2063 hoc
1352 2008 1424 2062 alias
1475 2048 1478 2061 .

714 2097 830 2165 fastidio,
848 2097 914 2151 alias
925 2098 1100 2163 contumacia,
1116 2096 1224 2164 saepius
1233 2095 1419 2149 imbecillitate

714 2201 806 2238 eorum
833 2201 899 2253 quae
924 2185 1117 2238 transferantur
1134 2184 1233 2248 evenit,
1257 2182 1323 2236 alias
1348 2181 1423 2236 caelo

715 2271 863 2338 inridente,
882 2271 948 2325 alias
966 2271 1025 2327 solo
1042 2272 1191 2338 repugnant
1209 2311 1215 2323 .

786 2361 801 2430 ξ
831 2362 889 2415 135.
935 2358 1052 2411 Fastidit
1079 2356 1228 2411 balsamum
1254 2355 1319 2410 alibi
1344 2356 1420 2409 nasci

715 2444 769 2497 nisi
787 2445 817 2497 in
835 2443 941 2511 iudaea,
959 2447 1019 2498 tura
1036 2443 1091 2497 nisi
1109 2444 1140 2496 in
1157 2443 1255 2497 Arabia
1282 2444 1325 2512 (cl.
1344 2443 1422 2497 Silli-

713 2531 788 2598 gium
811 2531 844 2584 ad
871 2531 944 2585 hunc
968 2530 1076 2599 locum),
1104 2530 1217 2598 Assyria
1242 2529 1328 2584 malus
1352 2529 1420 2585 alibi

714 2617 789 2671 ferre.

782 3064 832 3103 nac
855 3065 908 3103 nou
926 3051 954 3102 et
971 3049 1059 3116 palma
1077 3049 1178 3118 ubique
1202 3051 1277 3104 nasci
1295 3053 1342 3104 aut
1360 3053 1421 3104 nata

712 3152 811 3204 parere,
837 3134 880 3190 vel
906 3152 968 3189 cum
987 3134 1111 3203 promisit
1134 3136 1216 3190 etiam
1239 3138 1423 3206 ostenditque,

713 3224 835 3290 educare,
854 3227 992 3291 tamquam
1010 3222 1097 3276 invita
1115 3223 1257 3291 pepererit.

781 3326 834 3363 non
852 3309 933 3362 habet
950 3309 1017 3363 viris
1035 3309 1124 3363 frutex
1142 3310 1260 3363 cinnami
1279 3309 1309 3363 in
1321 3309 1416 3378 Syriae

713 3397 804 3450 vicina
822 3395 1005 3464 perveniendi.

782 3672 835 3710 non
858 3655 947 3708 ferunt
969 3656 1067 3709 amomi
1089 3656 1218 3724 nardique
1237 3655 1358 3724 deliciae,
1383 3671 1419 3710 ne

66 3744 95 3796 έκ
111 3741 226 3816 Μηδίας,
252 3745 276 3798 oi
300 3745 328 3798 δὲ
353 3744 380 3806 ἐξ
396 3742 482 3798 Ἰνδῶν
507 3748 552 3799 καί
575 3751 658 3800 ταῦτα
712 3745 742 3797 in
760 3743 884 3797 Arabiam
909 3740 1027 3810 quidem,
1053 3759 1089 3796 ex
1112 3742 1190 3798 India
1207 3745 1234 3797 et
1251 3760 1318 3798 nave
1336 3759 1412 3812 pere-

52 3828 171 3903 ννσίρδον
189 3833 235 3885 καὶ
252 3826 337 3887 τᾶλλα
354 3827 373 3904 ἢ
390 3830 424 3885 τὰ
443 3834 560 3886 πλεῖστα,
709 3829 816 3899 grinari.
853 3829 996 3896 temptavit
1012 3832 1086 3883 enim
1105 3830 1234 3885 Seleucus
1252 3846 1307 3884 rex.

56 3933 123 3999 Has
158 3936 375 4020 paragraphos
418 3956 483 4000 nou
538 3956 580 4001 ex
617 3936 849 4021 Theophrasto,
892 3936 948 4000 sed
990 3937 1120 4001 aliunde
1162 3942 1307 4019 sumptas
1348 3956 1421 4002 esse

52 4044 89 4102 et.

59 4141 145 4218 Quae
168 4143 297 4208 Plinius
319 4143 398 4208 dicit
419 4145 454 4207 iu
477 4164 600 4230 paragr.
619 4147 693 4227 136,
716 4145 803 4229 apud
824 4144 1078 4228 Theophrastum
1102 4165 1167 4208 nou
1191 4150 1328 4210 exstant.

52 4259 68 4329 ί,
88 4268 112 4331 5,
131 4267 157 4322 2.
195 4258 300 4317 ἀλλ’έν
322 4269 395 4324 τοῖς
418 4259 589 4326 ἀλεειναῖς
612 4268 658 4320 καί
779 4265 794 4333 β
821 4268 880 4322 137.
926 4263 995 4316 illud
1023 4280 1154 4333 proxume
1181 4265 1288 4331 1111111111,
1316 4265 1413 4319 mutari

52 4348 92 4422 ρὸς
120 4351 293 4424 μεσημβρίαν,
320 4346 405 4424 ὥσπερ
430 4347 594 4424 ἀντικείμενα
619 4352 658 4406 τὰ
709 4353 831 4406 naturam
857 4352 886 4404 in
913 4351 1012 4405 iisdem
1045 4354 1125 4420 atque
1152 4351 1290 4420 inproviso
1318 4351 1413 4405 valere.

52 4457 64 4509 μ
102 4432 216 4512 Ἔχουσι
251 4437 280 4492 δὲ
305 4439 351 4492 καὶ
376 4437 425 4509 τὴν
452 4435 608 4513 κυπάριττον
633 4441 657 4494 ol
710 4439 845 4493 cedrum
868 4438 1049 4493 aestuosis
1073 4438 1236 4506 partibus
1260 4439 1420 4506 dederat,

52 4525 657 4601 ιὶμᾶλλον....κέδρονδὲκαὶτὰθρηίκια
710 4527 743 4581 et
776 4526 806 4578 111
834 4526 929 4594 Lyciis
959 4525 1199 4594 Phrygiisque
1236 4524 1417 4578 montibus

55 4608 299 4684 alrdTpu'yaa.
709 4613 875 4667 nascitur.
935 4613 1048 4681 frigus
1090 4611 1274 4666 inimicum
1316 4611 1416 4665 lauro

57 4701 80 4754 3.
118 4694 658 4772 Τῶν-δὲἠμεροομένωνῆκιστά
709 4700 823 4765 iecerat,
868 4699 916 4753 sed
959 4699 993 4752 in
1040 4698 1189 4768 Olympo
1234 4697 1420 4766 copiosior

52 4782 656 4861 ,ντοῖςψοχροῐςάπομένεινδάφνην
709 4785 850 4840 nullaest.
