3292 5436
775 212 784 235 ,
840 149 882 212 ao

139 360 173 421 in
206 377 401 440 quocunque
432 375 547 439 genere
572 359 801 440 aegrius
831 353 1055 421 1·evelluntur.“
1115 352 1203 428 Quae
1232 352 1293 416 sub
1323 351 1422 415 finem
1454 356 1598 432 exstant,

141 483 183 526 ex
205 463 416 545 Theophrasto
440 467 578 544 sumpta,
609 462 664 524 sed
688 463 734 524 sio
757 466 793 523 ut
815 461 930 524 tradita
959 462 1046 539 sunt,
1075 463 1223 540 corrupta
1251 476 1321 520 esse
1350 461 1438 539 puto.
1496 455 1596 520 Plinii

135 567 230 631 verba
276 564 457 648 significant
493 567 616 648 „ipsam
650 566 813 628 materiem
848 583 916 628 esse
953 562 1138 626 retorridam
1176 567 1206 624 et
1243 562 1415 644 nigriorem
1454 561 1596 623 marium

48 732 51 736 ,
135 671 305 734 Γοοίοοιο.“
349 667 398 732 De
419 670 525 731 radice
547 669 780 751 Theophrastus
802 668 862 730 hoo
890 667 959 729 loeo
983 667 1113 756 omnino
1144 684 1209 728 non
1238 665 1391 748 loquitur,
1427 666 1486 747 qui
1520 665 1597 728 dioit

135 770 231 850 ,ἅπαν
253 773 286 835 τὸ
310 768 395 857 ἄρρεν
418 777 460 857 τῷ
478 771 611 858 χρώματι
635 771 835 857 ρελοὶντερον.“
892 770 1053 834 Secuntur
1086 769 1173 852 apud
1204 769 1347 832 Plinium
1376 770 1455 832 haee
1479 769 1594 833 verba:

140 878 250 960 „Oiroa
267 878 356 941 idam
372 879 406 938 in
419 876 540 940 Troade
556 884 587 938 et
602 876 664 938 alia
687 876 873 956 differentia,
896 880 1067 939 montanae
1089 873 1362 955 maritimaeque“,
1386 872 1442 936 sed
1466 873 1508 936 de
1533 894 1595 955 qua

137 981 249 1045 arbore
272 982 348 1044 haee
372 981 527 1059 dieantur,
557 999 598 1042 ex
620 979 710 1042 nullo
737 979 836 1042 Plinii
865 977 1020 1042 vocabulo
1051 978 1188 1061 adparet.
1245 976 1335 1040 Haeo
1365 979 1526 1059 pertinere
1557 979 1595 1041 ad

137 1085 284 1168 „hedred
307 1088 327 1148 i.
346 1105 371 1148 e.
397 1082 563 1166 „laricem‘
586 1083 734 1146 videmus
757 1102 798 1146 ex
820 1082 1026 1165 Theophrasti
1048 1081 1202 1163 111,9,1.
1250 1078 1339 1155 Quae
1368 1080 1471 1154 leetio,
1498 1102 1595 1164 quam

144 1190 324 1274 complures
355 1189 480 1252 codices
509 1186 662 1270 praebent
696 1188 838 1250 secunda
871 1205 982 1267 manu,
1016 1187 1050 1248 in
1086 1190 1272 1248 contextum
1306 1185 1491 1267 recipienda
1527 1205 1594 1249 essa

137 1295 217 1358 mihi
240 1284 377 1376 ridetur,
401 1299 432 1355 et
455 1311 511 1374 pro
536 1290 668 1372 „radix“
691 1292 807 1373 scripto
829 1287 984 1352 voeabulo
1017 1288 1160 1371 „lariois“
1186 1290 1232 1352 sio
1261 1307 1330 1352 esse
1363 1288 1593 1371 distinguenda

136 1398 233 1462 rerba
255 1397 369 1461 Plinii:
397 1397 487 1479 „ipsa
510 1396 656 1460 materies
678 1394 833 1458 retorrida
855 1399 886 1456 et
909 1394 1029 1476 nigrior
1051 1392 1203 1459 maribus.
1247 1392 1369 1455 Lariois
1392 1394 1478 1455 eirea
1501 1391 1592 1456 Idam

138 1484 146 1564 .’
162 1533 169 1566 ;
183 1552 190 1564 .
204 1551 232 1566 ..
258 1506 288 1564 et
311 1502 373 1563 alia
395 1499 582 1580 differentia,
604 1506 774 1562 montanae
797 1498 1066 1580 maritimaeque.“
1092 1533 1133 1542 —
1156 1496 1322 1560 Praeterea
1353 1494 1477 1577 dubit0,
1507 1497 1594 1560 unde

135 1606 262 1669 Plinius
299 1605 380 1667 illud
420 1603 611 1685 „retorrida“
651 1605 840 1686 sumpserit;
879 1601 967 1685 apud
1001 1600 1255 1683 Theophrastum
1294 1604 1377 1664 certe
1414 1600 1497 1662 nihil
1536 1601 1594 1664 tale

47 1757 51 1762 a
137 1713 249 1773 exstat.
295 1707 357 1783 Qui
381 1727 454 1770 oum
482 1707 630 1790 praebeat
652 1703 720 1782 ‚aul
743 1705 976 1791 ἐπεστραμμένον
1000 1710 1136 1790 μᾶλλον“,
1161 1705 1292 1769 fortasse
1316 1703 1525 1768 scribendum
1551 1711 1595 1769 est

39 1852 47 1859 ν
139 1813 333 1895 „oontorta“,
358 1830 422 1894 quo
447 1810 604 1874 vooabulo
632 1811 758 1874 Plinius
790 1814 918 1894 saepius
942 1811 981 1874 da
1003 1809 1169 1873 arboribus
1192 1811 1303 1891 utitur,
1326 1810 1419 1872 utin
1442 1808 1503 1872 hao
1527 1811 1595 1892 ipsa

140 1918 336 2006 paragrapho
360 1917 453 1979 dicit:
480 1917 626 1998 „lignum
647 1949 657 1979 =.
675 1963 707 1978 ..
733 1916 767 1977 in
790 1913 895 1977 fabrili
918 1933 1012 1997 opere
1035 1914 1245 1978 contortum.“

206 2111 327 2173 111,9,1.
355 2103 484 2176 πεύκης
503 2109 621 2176 .,..τῆς
639 2105 667 2158 δὲ
686 2102 774 2176 ἀγρίας
792 2101 837 2156 hdo
961 2106 1036 2172 ἓ48.
1065 2101 1313 2156 Larioisoiroa
1331 2101 1423 2154 Idam
1444 2102 1475 2153 in
1494 2100 1593 2156 Troade

136 2196 212 2266 γένη·
237 2195 345 2247 καλοῦσι
363 2195 396 2246 δὲ
415 2191 472 2264 τὴν
492 2194 550 2263 μὲν
567 2186 705 2254 Ἰδαίαν,
727 2189 784 2262 τὴν
804 2191 838 2244 δὲ
890 2191 918 2243 el
934 2188 986 2242 alia
1004 2188 1153 2242 differentia
1176 2189 1357 2241 montanae
1379 2187 1595 2242 maritimae·

136 2281 311 2354 παραλίαν.
499 2343 501 2348 Ι
891 2292 962 2344 que.
998 2289 1059 2328 nam
1084 2276 1114 2328 in
1137 2273 1292 2328 Macedonia
1319 2276 1346 2327 et
1370 2273 1486 2328 Arcadia
1509 2275 1594 2329 eirea·

205 2366 278 2419 Haeo
303 2366 414 2419 fortasse
436 2380 471 2417 ex
490 2362 539 2430 111,
558 2367 619 2430 9,2
643 2364 707 2419 ete
730 2365 839 2430 sumpta
891 2378 942 2430 que
978 2361 1050 2415 Elim
1086 2363 1237 2430 permutant
1267 2361 1394 2431 nomina,
1440 2377 1490 2414 neo
1534 2377 1596 2416 oon·

136 2455 207 2506 sunt.
891 2451 944 2502 stat
972 2448 1126 2503 auctoribus
1157 2449 1228 2517 quod
1263 2447 1361 2516 cuique
1390 2448 1483 2515 generi
1513 2446 1596 2500 adtri-

891 2535 981 2590 buant.

205 2624 296 2692 Ipsius
332 2622 416 2676 Plinii
453 2622 533 2676 verba
573 2623 638 2680 haee
674 2621 743 2675 mihi
778 2635 838 2674 esse
960 2639 1009 2678 nos
1028 2623 1082 2677 ista
1099 2622 1217 2677 Romano
1236 2620 1414 2676 discernimus
1433 2622 1549 2677 iudioio.

136 2711 270 2765 videntur.

205 2795 240 2864 V,
260 2801 332 2869 l,7:
360 2797 428 2849 ἔστι
453 2796 486 2850 δὲ
510 2796 565 2849 καὶ
587 2787 837 2868 μακρότατονὴ
961 2795 1068 2848 Abies
1093 2813 1107 2849 e
1132 2794 1273 2849 eunetis
1301 2794 1520 2863 amplissima
1544 2796 1598 2849 est

136 2882 248 2955 ἐλάτη.
891 2883 924 2935 et
952 2881 1082 2935 femina
1110 2883 1192 2935 etiam
1222 2881 1413 2950 prolixior.
1449 2882 1598 2936 materie

206 2968 331 3037 imao
365 2961 838 3042 Ἐλοὶτηδ’ἑστὶνήρὲνἄρρην,ἡ
891 2968 1031 3022 mollior
1073 2968 1282 3039 utiliorque,
1327 2968 1404 3022 arbor
1448 2968 1598 3035 rotundior,

136 3054 301 3128 δὲθήλεια·
324 3056 449 3130 διαφορὰς
468 3057 495 3110 δὲ
514 3057 611 3131 ἔχουσα
630 3092 706 3107 .....
725 3055 842 3123 καὶτῷ
891 3055 978 3109 folio
1001 3054 1143 3122 pinnato
1168 3056 1289 3122 densa,
1315 3056 1353 3108 ut
1380 3054 1506 3108 imbris
1534 3071 1599 3108 non

136 3141 236 3215 Εόλορ·
260 3141 412 3216 λευκότερον
435 3141 494 3216 γὰρ
517 3145 574 3196 καὶ
597 3137 837 3213 μαλακώτερον
892 3141 1126 3210 transmittat,
1145 3143 1224 3211 alque
1241 3141 1352 3195 hilarior
1369 3141 1399 3194 in
1418 3143 1514 3197 totum.

136 3233 192 3284 καὶ
211 3226 452 3304 εὐεργέοτερον
471 3227 506 3283 τὸ
524 3233 584 3300 τῆς
601 3228 756 3299 θηλείας,
781 3228 839 3280 καὶ

136 3315 171 3372 τὸ
199 3312 275 3371 ὅλον
303 3318 464 3391 στέλεχος
492 3311 747 3388 εὐρηκέοτερον

137 3405 208 3479 ἔχει
227 3405 261 3458 δὲ
279 3406 444 3476 πτέρυγας
462 3400 497 3456 τὸ
511 3399 637 3475 φύλλον
651 3402 696 3453 καὶ
709 3396 751 3453 ἐπ’
765 3399 838 3453 ἕλοιτ-

135 3511 188 3554 τον,
208 3485 273 3544 ὥστε
290 3488 337 3561 τὴν
359 3484 420 3561 ὅλην
440 3487 542 3562 μορφὴν
562 3488 627 3542 εἶναι
644 3487 776 3558 θολοειδή,
794 3488 839 3539 καὶ

135 3574 278 3649 παρόμοιον
315 3572 427 3646 μάλιστα
461 3580 517 3634 ταῖς
552 3571 691 3632 Βοιωτίαις
727 3575 838 3631 κυνέαις.

136 3661 263 3716 Ποκνὸν
307 3663 334 3715 δὲ
375 3656 492 3723 οὕτως,
537 3654 615 3714 ὥστε
652 3657 718 3731 μήτε
762 3657 839 3734 χιόνα

135 3750 262 3802 διιέναι
298 3744 373 3819 μηθ’
405 3744 507 3803 ὑετόν.
554 3741 642 3807 Ὅλους
675 3746 703 3800 δὲ
732 3748 776 3799 καὶ
806 3735 838 3818 rap

136 3830 194 3908 ὄψει
211 3833 241 3889 τὸ
260 3836 363 3908 δένδρον
386 3830 475 3887 καλόν.

240 3993 384 4054 Plinium
407 3989 620 4072 Theophrasto
644 4009 741 4052 usum
764 4010 834 4054 esse
857 3995 985 4054 auctore
1009 3994 1098 4073 puto,
1120 4009 1194 4052 nam
1220 4008 1302 4072 quae
1324 3988 1462 4072 praebet,
1485 3992 1598 4054 onmia

134 4095 199 4160 fere
225 4094 431 4178 Theophrasti
459 4094 565 4157 verbis
593 4094 795 4177 respondent,
827 4095 882 4158 sed
914 4095 1088 4176 quaeritur,
1123 4095 1209 4158 unde
1233 4095 1361 4157 duxerit
1391 4093 1444 4156 illa
1481 4093 1599 4174 „arbor

134 4200 327 4262 rotundior.“
374 4198 473 4282 Apud
495 4198 746 4280 Theophrastum
778 4203 860 4261 certe
891 4198 972 4261 nihil
1002 4204 1108 4261 exstat
1143 4199 1182 4261 de
1217 4197 1277 4260 hao
1309 4216 1360 4276 re;
1395 4216 1437 4259 an
1466 4195 1598 4262 Plinius

134 4303 213 4366 haee
241 4303 418 4385 desumpsit
445 4321 487 4365 ex
516 4300 722 4383 Theophrasti
751 4302 856 4366 verbis
886 4301 955 4386 ,alp
986 4298 1057 4386 ὅλην
1088 4301 1204 4388 μορφὴν
1228 4298 1302 4364 εἶναι
1325 4303 1483 4383 oetaeum
1506 4300 1599 4381 (nam

134 4404 223 4476 θάλος
246 4412 293 4470 est
315 4406 496 4470 aedificium
519 4405 718 4487 rotundum),
752 4425 827 4469 enm
861 4425 926 4469 non
962 4407 1043 4470 vidit
1076 4408 1154 4471 haee
1188 4425 1257 4470 esse
1292 4404 1376 4468 diota
1410 4405 1449 4467 de
1483 4404 1595 4470 foliis?

134 4510 295 4593 Equidem
330 4510 460 4590 dubit0;
494 4513 657 4592 praeterea
691 4509 750 4572 hoo
784 4511 958 4592 quominus
987 4511 1064 4574 oerti
1097 4511 1269 4592 quiequam
1307 4508 1508 4590 contendam,
1544 4528 1597 4574 ma

134 4616 277 4697 impedit,
303 4615 388 4698 quod
412 4615 498 4675 hunc
514 4612 720 4696 Theophrasti
743 4614 850 4677 locum
874 4618 1058 4697 corruptum
1083 4632 1152 4677 esse
1174 4618 1264 4697 put0,
1287 4612 1343 4677 sed
1367 4612 1528 4695 quomodo
1554 4615 1597 4677 sit

134 4719 366 4799 emendandus,
389 4718 494 4780 adhue
518 4736 585 4779 non
608 4716 710 4780 video.
797 4750 799 4754 ·
