3292 5436
843 174 887 239 54

241 381 335 445 Hanc
370 384 603 466 paragraphum
639 384 717 465 quin
754 401 795 446 ex
828 383 1041 466 Theophrasto
1075 380 1202 445 Plinius
1245 387 1415 446 mutuatus
1452 383 1509 463 sit,
1547 400 1590 445 me

139 487 268 570 quidem
292 487 398 551 iudice
420 488 543 550 nemini
560 486 696 550 dubium
713 505 781 550 esse
796 492 912 570 potest,
933 506 1008 549 nam
1027 485 1135 548 omnia
1150 494 1343 570 congruunt,
1367 487 1452 571 quin
1466 487 1588 555 nomint

139 590 289 655 arborum
318 609 444 674 semper
465 591 529 654 fere
553 589 663 654 eodem
687 590 797 653 ordine
821 591 907 674 apud
930 596 1105 673 utrumque
1133 601 1373 656 enumerantur.
1421 590 1488 656 Sed
1519 609 1590 654 non·

137 694 236 758 nullis
259 695 338 759 locis
353 694 482 757 Plinius
497 694 701 777 Theophrasti
724 694 821 759 verba
845 714 909 758 non
933 695 1010 758 satis
1033 701 1179 758 accurate
1202 696 1305 760 vertit.
1344 696 1446 759 Initio
1470 694 1591 779 praebet

136 799 385 883 Theophrastus:
410 797 463 875 „td
480 796 602 884 μὲνγὰρ
618 795 843 884 πολύρριζακαὶ
859 797 1039 884 μακρόρριζα
1061 797 1198 885 καθάπερ
1215 805 1296 882 συκῆ,
1321 803 1398 885 δρῦς,
1422 797 1591 873 πλάταναθ,

138 903 265 966 Plinius
288 904 405 967 omisso
428 903 584 966 adiectivo
607 900 824 987 „pnrpdpprw
855 904 1021 986 „copiosae
1054 902 1126 984 fico,
1156 902 1271 983 robori,
1299 903 1465 986 platano“,
1498 903 1592 986 pergit

136 1006 370 1090 Theophrastus
398 1005 452 1084 „rai
475 1004 504 1070 δ’
519 1003 684 1092 ὀλιγόρριζα
712 1005 849 1092 καθάπερ
872 1003 968 1082 ἐλαία,
998 1005 1061 1092 ῥόα,
1093 1005 1216 1091 μηλὲα“,
1249 1006 1376 1070 Plinius
1408 1004 1546 1088 „breves
1567 1012 1593 1070 et

138 1116 294 1194 angustae
328 1110 450 1189 malo“;
487 1113 593 1175 omisit
623 1113 723 1195 igitur
750 1108 968 1197 ,,ὀλιγόρριζα“;
1004 1112 1117 1175 harum
1145 1110 1295 1175 arborum
1325 1111 1453 1175 radices
1468 1177 1469 1181 ,
1486 1110 1593 1176 breves

138 1233 207 1278 esse
237 1215 367 1278 fortasse
396 1215 472 1278 inde
500 1216 605 1296 duxit,
639 1214 726 1297 qnod
754 1215 927 1297 concludit,
961 1217 988 1278 si
1019 1234 1130 1279 earum
1161 1215 1320 1295 arborum,
1355 1234 1442 1298 quae
1484 1215 1594 1281 multas

139 1318 305 1400 haberent,
332 1321 455 1384 radices
484 1319 599 1403 longae
629 1323 746 1400 essent,
777 1338 898 1400 earum,
930 1339 1012 1403 quae
1033 1339 1153 1403 paucas
1176 1319 1338 1401 haberent,
1374 1329 1491 1402 breves
1517 1338 1597 1398 essc3

141 1424 338 1506 „angustae“
362 1424 496 1487 fortasse
519 1423 558 1486 de
581 1442 640 1486 suo
663 1422 787 1487 adiecit.

243 1527 357 1590 Postea
380 1527 458 1589 dicit
478 1526 623 1591 Plinius:
655 1528 843 1609 „crassiores
865 1527 956 1590 lauro
978 1534 1009 1591 et
1031 1527 1227 1610 inaequales
1250 1530 1328 1591 item
1355 1527 1482 1609 oleae“,
1505 1527 1598 1594 Theo·

70 1652 76 1663 “
137 1632 304 1715 phrastus:
339 1629 400 1706 ,ἔτι
430 1629 463 1694 δὲ
494 1636 548 1693 τῶν
578 1628 629 1715 μὲν
659 1632 785 1718 παχεῖαν
812 1635 931 1715 μᾶλλον,
968 1637 1023 1695 τῶν
1051 1629 1084 1695 δὲ
1116 1629 1282 1715 ἀνωμαλεῖς
1312 1629 1453 1717 καθάπερ
1484 1630 1598 1718 δάφνης,
1634 1640 1636 1667 ²

140 1732 270 1806 elator‘t
314 1736 457 1819 Adparet
478 1734 621 1798 Plinium
645 1734 849 1818 Theophrasti
879 1735 975 1799 verba
998 1737 1135 1820 pessime
1158 1735 1350 1802 confudisse.
1396 1735 1484 1801 llum
1516 1738 1596 1802 enim

139 1839 375 1922 Theophrastus
410 1840 510 1903 dicat:
548 1839 703 1921 „aliarum
735 1839 885 1902 arborum
912 1840 1034 1904 radices
1063 1841 1233 1904 crassiores
1262 1845 1348 1916 sunt,
1380 1840 1525 1904 aliarum
1552 1842 1596 1904 in·

138 1944 298 2027 aequales,
322 1954 359 2007 ut
380 1944 472 2024 lauri,
498 1943 617 2025 oleae‘,
642 1943 707 2006 duo
729 1944 828 2026 igitur
850 1960 968 2027 genera
990 1944 1140 2007 arborum
1164 1944 1335 2023 discernat,
1369 1943 1506 2008 Plinius
1528 1945 1598 2009 haec
1628 1964 1634 1971 ’

49 2081 51 2092 ·
137 2049 172 2110 in
195 2068 299 2111 unum
322 2067 426 2132 genus
450 2047 585 2112 contulit
608 2048 703 2129 eique
724 2047 846 2110 radices
870 2049 1038 2112 crassiores
1062 2055 1093 2111 et
1115 2049 1301 2131 inaequales
1318 2047 1445 2127 tribuit,
1471 2049 1598 2113 fortasse
1634 2052 1636 2071 '

140 2171 177 2216 eo
200 2152 363 2235 deceptus,
388 2152 473 2235 qnod
489 2151 723 2233 Theophrastus
747 2157 847 2214 certas
870 2151 1009 2235 arbores,
1034 2171 1169 2235 quarum
1186 2152 1308 2216 radices
1330 2153 1512 2217 crassiores
1527 2155 1595 2233 siut,

138 2275 204 2319 non
227 2255 346 2319 laudat.

206 2374 228 2443 I,
247 2380 272 2442 6,
289 2380 315 2434 4.
351 2373 840 2449 rddttrrroloro‘pprtmutl-
964 2379 980 2444 ξ
1018 2381 1078 2434 128.
1133 2376 1229 2430 oleae
1265 2375 1440 2443 malisque
1477 2378 1514 2430 et
1546 2392 1598 2430 cu·

138 2460 203 2536 άπερ
235 2464 347 2527 ἐλαία,
382 2461 443 2537 ῥόα,
472 2465 595 2537 μηλέαι,
623 2460 840 2536 κυπάριττος.
894 2462 1030 2531 pressis
1055 2479 1113 2531 per
1137 2479 1264 2519 summa
1282 2463 1498 2531 caespitum,
1522 2461 1598 2519 aliis

140 2545 200 2604 ’Έτι
224 2551 252 2605 δὲ
271 2552 303 2605 αἱ
322 2554 380 2623 μὲν
400 2547 533 2606 εὐθεῖαι
556 2553 600 2606 καὶ
619 2547 731 2623 ὁμαλεῖς,
757 2551 841 2604 αἰδὲ
893 2553 988 2605 recto
1015 2554 1141 2618 nreatU,
1168 2555 1206 2602 ut
1232 2550 1345 2616 lauru,
1377 2548 1494 2619 oleae,
1522 2549 1598 2604 aliis

138 2639 272 2691 σνολιαὶ
298 2641 345 2693 καὶ
366 2635 607 2712 παραλλάττουσαν·
634 2642 712 2691 τοῦτο
735 2636 783 2710 γὰρ
810 2633 840 2692 od
894 2636 1069 2704 flexuoso,
1089 2637 1221 2691 utfieo.
1291 2659 1298 2664 ··

138 2721 217 2794 μόνον
254 2726 388 2796 συμβαίνει
423 2724 465 2779 διὰ
500 2721 560 2783 τοὺς
595 2721 705 2791 τόπους,
741 2730 780 2796 τῷ
808 2723 845 2796 μὴ

138 2807 250 2875 εὐοδεῖν,
288 2807 354 2865 ἀλλὰ
382 2813 426 2865 καὶ
453 2817 500 2883 τῆς
530 2808 632 2884 φύσεως
660 2807 741 2883 αὐτῆς
769 2813 844 2875 ἐστιν,

139 2893 222 2970 ὥσπερ
248 2899 301 2951 ἐπὶ
325 2904 385 2970 τῆς
408 2895 537 2972 δάφνης
561 2900 695 2969 καὶτῆς
714 2898 845 2958 ἐλαίας·

138 2981 210 3056 ἡδὲ
229 2991 312 3058 συκῆ
337 2988 382 3039 καὶ
405 2984 438 3041 τὰ
455 2991 564 3040 τοιαῦτα
583 2986 779 3039 σκολιοῡται
804 2984 846 3040 διὰ

137 3070 168 3125 τὸ
187 3070 223 3144 μὴ
242 3068 349 3126 εὐοδεῖν.

246 3176 335 3253 Quae
359 3183 516 3241 secuntur
538 3180 625 3263 apud
647 3179 803 3260 Plinium,
826 3179 913 3263 apud
935 3178 1185 3262 Theophrastum
1209 3195 1273 3239 non
1298 3180 1435 3241 exstant.

242 3298 333 3362 Prior
355 3301 454 3364 huius
476 3302 664 3385 paragraphi
688 3302 847 3365 sententia
868 3299 1080 3383 Theophrasto
1109 3298 1215 3363 deberi
1239 3298 1317 3360 mihi
1341 3296 1482 3379 videtur,
1506 3313 1590 3381 praa·

137 3403 231 3486 cipue
255 3403 294 3466 ob
318 3404 362 3484 id,
396 3405 482 3488 quod
511 3407 564 3470 hic
585 3426 698 3470 rursus
721 3424 807 3470 error
836 3405 937 3486 aliqui
959 3406 1135 3484 invenitur,
1165 3405 1222 3487 qui
1245 3403 1334 3466 nulla
1357 3401 1420 3464 alia
1444 3419 1480 3493 re
1504 3407 1594 3464 natus

139 3525 208 3571 esse
232 3515 335 3592 potest
358 3509 421 3572 nisi
445 3509 616 3591 celeritate,
640 3529 704 3593 qua
726 3508 854 3572 Plinius
877 3511 911 3571 in
935 3509 1164 3593 componendis
1187 3507 1276 3571 libris
1300 3525 1380 3569 usus
1404 3511 1464 3568 est.
1511 3502 1593 3568 Dicit

137 3612 224 3675 enim
253 3611 324 3675 aliis
353 3613 477 3677 radices
508 3632 578 3678 esse
599 3621 685 3677 recto
709 3618 825 3690 meatu,
856 3617 893 3675 ut
915 3613 1017 3694 lauro,
1048 3614 1145 3691 oleae,
1176 3611 1246 3675 aliis
1277 3610 1435 3688 flexuoso,
1469 3607 1595 3687 nilico,

137 3734 211 3778 cnm
234 3716 467 3799 Theophrastus
489 3719 567 3782 haec
590 3716 753 3801 praebeat:
786 3715 877 3797 „aliis
901 3723 1005 3781 rectae
1028 3719 1082 3795 (sc.
1105 3716 1226 3779 radices
1250 3720 1336 3795 sunt)
1370 3714 1596 3797 aequalesque,

137 3819 207 3883 aliis
230 3819 402 3885 flexuosae.
448 3823 508 3885 hoc
539 3842 605 3885 non
628 3821 722 3884 modo
745 3825 872 3903 propter
893 3820 998 3885 solum
1021 3821 1145 3900 accidit,
1176 3820 1351 3882 sedetiam
1376 3825 1496 3881 natura
1518 3819 1595 3901 ipsa,

139 3931 176 3986 ut
198 3925 297 3988 radici
321 3926 405 3989 lauri
428 3934 458 3990 et
481 3927 593 4006 olivae,
624 3944 697 3987 curn
722 3931 850 4007 propter
872 3926 991 4006 solum,
1022 3926 1107 4008 quod
1130 3942 1335 4008 perrumpere
1358 3941 1437 3985 non
1449 3928 1596 4006 possunt,

136 4026 302 4092 flexuosae
336 4032 401 4094 sint
434 4031 559 4094 radices
592 4029 676 4091 fici‘.
734 4027 861 4092 Plinius
895 4029 1013 4111 igitur,
1055 4048 1129 4092 cum
1165 4028 1204 4090 ad
1238 4026 1445 4109 Theophrasti
1482 4025 1595 4091 verba:

136 4130 196 4208 ,ἔτι
219 4132 252 4197 δὲ
276 4133 306 4197 αἱ
331 4132 382 4218 μὲν
406 4133 521 4198 εὐθεῖαι
550 4129 600 4196 καὶ
623 4129 761 4215 ὁμαλεῖς“
793 4133 939 4216 exempla
971 4134 1129 4214 deessent,
1164 4134 1228 4195 huo
1258 4112 1546 4195 rettulit'haurum
1573 4135 1599 4192 ot

142 4236 269 4301 olivam.

169 4338 191 4405 Ι,
210 4344 235 4406 7,
256 4345 278 4397 l.
315 4338 478 4402 Αόξάνεσθαι
502 4342 530 4394 δὲ
548 4337 651 4394 πάντων
672 4341 790 4395 δοκοῦσιν
812 4341 838 4395 αἱ
962 4341 1054 4407 §loo
1091 4338 1208 4403 Quidam
1232 4354 1297 4392 non
1320 4336 1433 4391 altius
1452 4337 1598 4393 descen·

136 4427 203 4499 ῥίζαι
227 4426 353 4502 πρότερον
377 4433 427 4482 τῶν
453 4423 520 4482 ἅνω·
548 4429 592 4481 καὶ
616 4425 663 4500 γὰρ
689 4426 780 4501 φύεται
804 4429 840 4487 εἰς
894 4426 973 4479 dere
996 4426 1134 4479 radices
1158 4442 1255 4493 quam
1280 4424 1370 4479 solis
1388 4423 1598 4494 calortepc·

135 4510 840 4586 βάθος·οόδεμίαδὲκαθήκειπλέονἢὸσον
894 4513 1003 4566 faeiat
1035 4513 1138 4580 idque
1172 4515 1294 4565 natura
1320 4511 1391 4565 loci
1422 4512 1599 4567 tenuioris

136 4597 150 4654 ὁ
177 4597 273 4673 ἥλιος
305 4603 513 4675 ἐφικνεῖται·
549 4600 580 4657 τὸ
610 4601 657 4676 γὰρ
688 4601 783 4675 θερμὸν
811 4599 841 4656 τὸ
894 4601 1012 4653 crassive
1032 4600 1134 4664 dixero,
1154 4599 1225 4667 quod
1243 4598 1341 4652 falsum
1358 4597 1484 4653 arbitror.

135 4693 236 4759 γεννῶν.
278 4684 315 4743 Οὐ
341 4686 391 4760 μὴν
416 4685 481 4743 ἀλλὰ
505 4694 588 4743 ταῦτα
613 4686 744 4762 μεγάλα
763 4709 843 4759 συμ-

136 4771 299 4844 βάλλεται
323 4774 386 4849 πρὸς
410 4776 585 4849 βαθυρριζίαν,
613 4779 657 4830 καὶ
681 4777 718 4830 ἔτι
743 4777 841 4848 μᾶλλον
