<?xml version="1.0" encoding="UTF-8"?>
<!DOCTYPE html PUBLIC "-//W3C//DTD XHTML 1.0 Transitional//EN"
    "http://www.w3.org/TR/xhtml1/DTD/xhtml1-transitional.dtd">
<html xmlns="http://www.w3.org/1999/xhtml" xml:lang="en" lang="en">
 <head>
  <title>
</title>
<meta http-equiv="Content-Type" content="text/html;charset=utf-8" />
  <meta name='ocr-system' content='tesseract 3.04.00' />
  <meta name='ocr-capabilities' content='ocr_page ocr_carea ocr_par ocr_line ocrx_word'/>
</head>
<body>
  <div class='ocr_page' id='page_1' title='image "./derationequaein00renjgoog_0104.png"; bbox 0 0 3292 5436; ppageno 0'>
   <div class='ocr_carea' id='block_1_1' title="bbox 814 129 856 192">
    <p class='ocr_par' dir='ltr' id='par_1_1' title="bbox 814 129 856 192">
     <span class='ocr_line' id='line_1_1' title="bbox 814 129 856 192; baseline -0.024 0"><span class='ocrx_word' id='word_1_1' title='bbox 814 129 856 192; x_wconf 83' lang='lat'>89</span> 
     </span>
    </p>
   </div>
   <div class='ocr_carea' id='block_1_2' title="bbox 49 325 1571 944">
    <p class='ocr_par' dir='ltr' id='par_1_2' title="bbox 49 325 1571 944">
     <span class='ocr_line' id='line_1_2' title="bbox 209 325 1567 427; baseline 0.013 -37"><span class='ocrx_word' id='word_1_2' title='bbox 209 325 300 392; x_wconf 88' lang='lat' dir='ltr'>Haec</span> <span class='ocrx_word' id='word_1_3' title='bbox 331 348 372 392; x_wconf 84' lang='lat' dir='ltr'>ex</span> <span class='ocrx_word' id='word_1_4' title='bbox 401 329 615 415; x_wconf 81' lang='lat' dir='ltr'>Theophrasto</span> <span class='ocrx_word' id='word_1_5' title='bbox 651 340 779 414; x_wconf 85' lang='lat' dir='ltr'>sumpta</span> <span class='ocrx_word' id='word_1_6' title='bbox 815 354 884 399; x_wconf 87' lang='lat' dir='ltr'>ease</span> <span class='ocrx_word' id='word_1_7' title='bbox 920 336 1027 400; x_wconf 92' lang='lat' dir='ltr'>verbis</span> <span class='ocrx_word' id='word_1_8' title='bbox 1058 339 1228 422; x_wconf 88' lang='lat' dir='ltr'>utriusque</span> <span class='ocrx_word' id='word_1_9' title='bbox 1262 342 1396 406; x_wconf 88' lang='lat' dir='ltr'>conlatis</span> <span class='ocrx_word' id='word_1_10' title='bbox 1429 343 1567 427; x_wconf 81' lang='lat' dir='ltr'><strong>adparet.</strong></span> 
     </span>
     <span class='ocr_line' id='line_1_3' title="bbox 98 427 1569 531; baseline 0.014 -39"><span class='ocrx_word' id='word_1_11' title='bbox 98 427 201 493; x_wconf 88' lang='lat' dir='ltr'>Nulla</span> <span class='ocrx_word' id='word_1_12' title='bbox 224 431 287 494; x_wconf 90' lang='lat' dir='ltr'>alia</span> <span class='ocrx_word' id='word_1_13' title='bbox 311 431 439 497; x_wconf 87' lang='lat' dir='ltr'>Plinius</span> <span class='ocrx_word' id='word_1_14' title='bbox 471 436 597 517; x_wconf 85' lang='lat' dir='ltr'>adiecit,</span> <span class='ocrx_word' id='word_1_15' title='bbox 627 438 690 500; x_wconf 89' lang='lat' dir='ltr'>uisi</span> <span class='ocrx_word' id='word_1_16' title='bbox 723 437 810 520; x_wconf 90' lang='lat' dir='ltr'>quod</span> <span class='ocrx_word' id='word_1_17' title='bbox 841 458 1028 522; x_wconf 86' lang='lat' dir='ltr'><strong>cupressum</strong></span> <span class='ocrx_word' id='word_1_18' title='bbox 1058 442 1169 506; x_wconf 87' lang='lat' dir='ltr'>laudat</span> <span class='ocrx_word' id='word_1_19' title='bbox 1201 450 1236 507; x_wconf 92' lang='lat' dir='ltr'>nt</span> <span class='ocrx_word' id='word_1_20' title='bbox 1260 445 1416 528; x_wconf 78' lang='lat' dir='ltr'>arborem,</span> <span class='ocrx_word' id='word_1_21' title='bbox 1445 449 1479 510; x_wconf 92' lang='lat' dir='ltr'>in</span> <span class='ocrx_word' id='word_1_22' title='bbox 1504 468 1569 531; x_wconf 89' lang='lat' dir='ltr'>qua</span> 
     </span>
     <span class='ocr_line' id='line_1_4' title="bbox 49 536 1571 635; baseline 0.013 -39"><span class='ocrx_word' id='word_1_23' title='bbox 49 562 54 635; x_wconf 43' lang='lat' dir='ltr'>J</span> <span class='ocrx_word' id='word_1_24' title='bbox 99 536 287 599; x_wconf 79' lang='lat' dir='ltr'>amaritudo</span> <span class='ocrx_word' id='word_1_25' title='bbox 311 556 436 603; x_wconf 90' lang='lat' dir='ltr'>vermes</span> <span class='ocrx_word' id='word_1_26' title='bbox 459 543 549 604; x_wconf 89' lang='lat' dir='ltr'>nasci</span> <span class='ocrx_word' id='word_1_27' title='bbox 573 540 750 623; x_wconf 88' lang='lat' dir='ltr'>prohibeat,</span> <span class='ocrx_word' id='word_1_28' title='bbox 773 541 960 606; x_wconf 89' lang='lat' dir='ltr'>Vitruvium</span> <span class='ocrx_word' id='word_1_29' title='bbox 991 564 1042 608; x_wconf 91' lang='lat' dir='ltr'>me</span> <span class='ocrx_word' id='word_1_30' title='bbox 1071 547 1203 628; x_wconf 89' lang='lat' dir='ltr'>quidem</span> <span class='ocrx_word' id='word_1_31' title='bbox 1234 549 1343 612; x_wconf 88' lang='lat' dir='ltr'>iudice</span> <span class='ocrx_word' id='word_1_32' title='bbox 1365 555 1509 633; x_wconf 85' lang='lat' dir='ltr'>secutus,</span> <span class='ocrx_word' id='word_1_33' title='bbox 1539 559 1571 616; x_wconf 89' lang='lat' dir='ltr'>et</span> 
     </span>
     <span class='ocr_line' id='line_1_5' title="bbox 103 637 1568 737; baseline 0.013 -37"><span class='ocrx_word' id='word_1_34' title='bbox 103 637 193 720; x_wconf 92' lang='lat' dir='ltr'>quod</span> <span class='ocrx_word' id='word_1_35' title='bbox 216 639 396 705; x_wconf 84' lang='lat' dir='ltr'>Alexandri</span> <span class='ocrx_word' id='word_1_36' title='bbox 419 642 530 726; x_wconf 84' lang='lat' dir='ltr'>Magni</span> <span class='ocrx_word' id='word_1_37' title='bbox 556 645 688 710; x_wconf 90' lang='lat' dir='ltr'>comites</span> <span class='ocrx_word' id='word_1_38' title='bbox 710 645 765 708; x_wconf 91' lang='lat' dir='ltr'>illa</span> <span class='ocrx_word' id='word_1_39' title='bbox 787 646 944 709; x_wconf 89' lang='lat' dir='ltr'>mirabilia</span> <span class='ocrx_word' id='word_1_40' title='bbox 968 648 1007 712; x_wconf 89' lang='lat' dir='ltr'>de</span> <span class='ocrx_word' id='word_1_41' title='bbox 1027 649 1106 729; x_wconf 88' lang='lat' dir='ltr'>Tylo</span> <span class='ocrx_word' id='word_1_42' title='bbox 1128 653 1238 715; x_wconf 90' lang='lat' dir='ltr'>insula</span> <span class='ocrx_word' id='word_1_43' title='bbox 1261 654 1438 737; x_wconf 81' lang='lat' dir='ltr'>prodidisse</span> <span class='ocrx_word' id='word_1_44' title='bbox 1461 655 1568 736; x_wconf 88' lang='lat' dir='ltr'>tradit,</span> 
     </span>
     <span class='ocr_line' id='line_1_6' title="bbox 99 742 1568 839; baseline 0.012 -35"><span class='ocrx_word' id='word_1_45' title='bbox 99 761 179 806; x_wconf 92' lang='lat' dir='ltr'>cum</span> <span class='ocrx_word' id='word_1_46' title='bbox 213 742 448 829; x_wconf 80' lang='lat' dir='ltr'>Theophrastus</span> <span class='ocrx_word' id='word_1_47' title='bbox 481 756 607 812; x_wconf 88' lang='lat' dir='ltr'>tantum</span> <span class='ocrx_word' id='word_1_48' title='bbox 638 749 723 813; x_wconf 89' lang='lat' dir='ltr'>dicat</span> <span class='ocrx_word' id='word_1_49' title='bbox 751 746 868 834; x_wconf 78' lang='grc' dir='ltr'>,,φασί“.</span> <span class='ocrx_word' id='word_1_50' title='bbox 925 750 1014 816; x_wconf 89' lang='lat' dir='ltr'>Haec</span> <span class='ocrx_word' id='word_1_51' title='bbox 1046 754 1173 819; x_wconf 89' lang='lat' dir='ltr'>Plinius</span> <span class='ocrx_word' id='word_1_52' title='bbox 1207 758 1276 839; x_wconf 91' lang='lat' dir='ltr'>ipse</span> <span class='ocrx_word' id='word_1_53' title='bbox 1309 758 1462 821; x_wconf 86' lang='lat' dir='ltr'>adiecisse</span> <span class='ocrx_word' id='word_1_54' title='bbox 1490 761 1568 822; x_wconf 90' lang='lat' dir='ltr'>mihi</span> 
     </span>
     <span class='ocr_line' id='line_1_7' title="bbox 98 845 1568 944; baseline 0.012 -37"><span class='ocrx_word' id='word_1_55' title='bbox 98 845 242 928; x_wconf 86' lang='lat' dir='ltr'>videtur,</span> <span class='ocrx_word' id='word_1_56' title='bbox 274 868 348 912; x_wconf 91' lang='lat' dir='ltr'>cum</span> <span class='ocrx_word' id='word_1_57' title='bbox 372 851 549 915; x_wconf 85' lang='lat' dir='ltr'>Alexandri</span> <span class='ocrx_word' id='word_1_58' title='bbox 573 851 684 935; x_wconf 84' lang='lat' dir='ltr'>Magni</span> <span class='ocrx_word' id='word_1_59' title='bbox 714 855 847 918; x_wconf 84' lang='lat' dir='ltr'>comites</span> <span class='ocrx_word' id='word_1_60' title='bbox 877 857 973 938; x_wconf 90' lang='lat' dir='ltr'>primi</span> <span class='ocrx_word' id='word_1_61' title='bbox 1005 857 1125 922; x_wconf 84' lang='lat' dir='ltr'>luerint</span> <span class='ocrx_word' id='word_1_62' title='bbox 1155 858 1358 942; x_wconf 83' lang='lat' dir='ltr'>Graecorum,</span> <span class='ocrx_word' id='word_1_63' title='bbox 1396 864 1452 944; x_wconf 89' lang='lat' dir='ltr'>qui</span> <span class='ocrx_word' id='word_1_64' title='bbox 1482 882 1568 926; x_wconf 89' lang='lat' dir='ltr'>mare</span> 
     </span>
    </p>
   </div>
   <div class='ocr_carea' id='block_1_3' title="bbox 97 947 488 1036">
    <p class='ocr_par' dir='ltr' id='par_1_3' title="bbox 97 947 488 1036">
     <span class='ocr_line' id='line_1_8' title="bbox 97 947 488 1036; baseline 0.018 -24"><span class='ocrx_word' id='word_1_65' title='bbox 97 947 253 1014; x_wconf 89' lang='lat' dir='ltr'>Rubrum</span> <span class='ocrx_word' id='word_1_66' title='bbox 278 953 488 1036; x_wconf 86' lang='lat' dir='ltr'>explorarent.</span> 
     </span>
    </p>
   </div>
   <div class='ocr_carea' id='block_1_4' title="bbox 49 1105 810 2850">
    <p class='ocr_par' dir='ltr' id='par_1_4' title="bbox 49 1105 810 1878">
     <span class='ocr_line' id='line_1_9' title="bbox 170 1105 808 1187; baseline 0.013 -30"><span class='ocrx_word' id='word_1_67' title='bbox 170 1105 207 1174; x_wconf 86' lang='lat' dir='ltr'>V,</span> <span class='ocrx_word' id='word_1_68' title='bbox 225 1113 250 1175; x_wconf 85' lang='grc'>5,</span> <span class='ocrx_word' id='word_1_69' title='bbox 269 1113 294 1166; x_wconf 83' lang='grc'>6.</span> <span class='ocrx_word' id='word_1_70' title='bbox 325 1108 395 1163; x_wconf 73' lang='lat' dir='ltr'>&#39;lov</span> <span class='ocrx_word' id='word_1_71' title='bbox 415 1112 448 1165; x_wconf 87' lang='grc' dir='ltr'>δὲ</span> <span class='ocrx_word' id='word_1_72' title='bbox 467 1111 572 1171; x_wconf 75' lang='grc' dir='ltr'>ξύλων</span> <span class='ocrx_word' id='word_1_73' title='bbox 592 1111 624 1165; x_wconf 83' lang='grc' dir='ltr'>τά</span> <span class='ocrx_word' id='word_1_74' title='bbox 644 1115 689 1184; x_wconf 86' lang='grc' dir='ltr'>μὲν</span> <span class='ocrx_word' id='word_1_75' title='bbox 709 1111 808 1187; x_wconf 78' lang='grc' dir='ltr'>σχιστὰ,</span> 
     </span>
     <span class='ocr_line' id='line_1_10' title="bbox 49 1186 810 1271; baseline 0.011 -26"><span class='ocrx_word' id='word_1_76' title='bbox 49 1186 54 1195; x_wconf 68' lang='grc'><em>’</em></span> <span class='ocrx_word' id='word_1_77' title='bbox 94 1193 131 1247; x_wconf 81' lang='grc' dir='ltr'>τὰ</span> <span class='ocrx_word' id='word_1_78' title='bbox 156 1195 185 1248; x_wconf 84' lang='grc' dir='ltr'>δὲ</span> <span class='ocrx_word' id='word_1_79' title='bbox 204 1195 344 1268; x_wconf 81' lang='grc' dir='ltr'>πελεκητά,</span> <span class='ocrx_word' id='word_1_80' title='bbox 370 1195 403 1250; x_wconf 77' lang='grc' dir='ltr'>τὰ</span> <span class='ocrx_word' id='word_1_81' title='bbox 423 1199 451 1251; x_wconf 88' lang='grc' dir='ltr'>δὲ</span> <span class='ocrx_word' id='word_1_82' title='bbox 469 1197 612 1271; x_wconf 89' lang='grc' dir='ltr'>στρογγύλα</span> <span class='ocrx_word' id='word_1_83' title='bbox 631 1239 637 1251; x_wconf 91' lang='grc'><strong>.</strong></span> <span class='ocrx_word' id='word_1_84' title='bbox 655 1238 660 1250; x_wconf 93' lang='grc'>.</span> <span class='ocrx_word' id='word_1_85' title='bbox 678 1239 707 1250; x_wconf 91' lang='grc'>..</span> <span class='ocrx_word' id='word_1_86' title='bbox 730 1199 763 1253; x_wconf 87' lang='grc' dir='ltr'>τά</span> <span class='ocrx_word' id='word_1_87' title='bbox 782 1201 810 1254; x_wconf 86' lang='grc' dir='ltr'>δὲ</span> 
     </span>
     <span class='ocr_line' id='line_1_11' title="bbox 93 1281 809 1359; baseline 0.008 -25"><span class='ocrx_word' id='word_1_88' title='bbox 93 1282 234 1353; x_wconf 80' lang='grc' dir='ltr'>πελεκητδι</span> <span class='ocrx_word' id='word_1_89' title='bbox 245 1281 332 1337; x_wconf 79' lang='grc' dir='ltr'>καὶτὰ</span> <span class='ocrx_word' id='word_1_90' title='bbox 349 1282 492 1357; x_wconf 81' lang='grc' dir='ltr'>στρογγύλα</span> <span class='ocrx_word' id='word_1_91' title='bbox 512 1284 690 1359; x_wconf 77' lang='grc' dir='ltr'>ῥήγνυται·</span> <span class='ocrx_word' id='word_1_92' title='bbox 711 1288 809 1357; x_wconf 80' lang='grc' dir='ltr'>μᾶλλον</span> 
     </span>
     <span class='ocr_line' id='line_1_12' title="bbox 94 1368 810 1445; baseline 0.01 -24"><span class='ocrx_word' id='word_1_93' title='bbox 94 1370 124 1422; x_wconf 84' lang='grc' dir='ltr'>δὲ</span> <span class='ocrx_word' id='word_1_94' title='bbox 145 1368 215 1423; x_wconf 78' lang='grc' dir='ltr'>πολύ</span> <span class='ocrx_word' id='word_1_95' title='bbox 233 1370 266 1424; x_wconf 79' lang='grc' dir='ltr'>τὰ</span> <span class='ocrx_word' id='word_1_96' title='bbox 286 1369 428 1445; x_wconf 85' lang='grc' dir='ltr'>στρογγύλα</span> <span class='ocrx_word' id='word_1_97' title='bbox 448 1413 454 1424; x_wconf 93' lang='grc'><strong><em>.</em></strong></span> <span class='ocrx_word' id='word_1_98' title='bbox 471 1412 476 1425; x_wconf 92' lang='grc'>.</span> <span class='ocrx_word' id='word_1_99' title='bbox 494 1412 523 1424; x_wconf 88' lang='grc'>..</span> <span class='ocrx_word' id='word_1_100' title='bbox 560 1372 620 1432; x_wconf 80' lang='grc' dir='ltr'>Τοῖς</span> <span class='ocrx_word' id='word_1_101' title='bbox 644 1375 671 1427; x_wconf 82' lang='grc' dir='ltr'>δὲ</span> <span class='ocrx_word' id='word_1_102' title='bbox 693 1375 810 1433; x_wconf 74' lang='grc' dir='ltr'>λωτίνοις</span> 
     </span>
     <span class='ocr_line' id='line_1_13' title="bbox 90 1452 809 1535; baseline 0.007 -26"><span class='ocrx_word' id='word_1_103' title='bbox 90 1458 143 1510; x_wconf 83' lang='grc' dir='ltr'>καὶ</span> <span class='ocrx_word' id='word_1_104' title='bbox 161 1463 217 1516; x_wconf 84' lang='grc' dir='ltr'>τοῖς</span> <span class='ocrx_word' id='word_1_105' title='bbox 236 1452 324 1518; x_wconf 73' lang='grc' dir='ltr'>ἄλλοις</span> <span class='ocrx_word' id='word_1_106' title='bbox 341 1459 377 1519; x_wconf 81' lang='grc' dir='ltr'>οἷς</span> <span class='ocrx_word' id='word_1_107' title='bbox 392 1461 427 1520; x_wconf 74' lang='grc' dir='ltr'>εἰς</span> <span class='ocrx_word' id='word_1_108' title='bbox 439 1459 500 1520; x_wconf 75' lang='grc' dir='ltr'>τοὺς</span> <span class='ocrx_word' id='word_1_109' title='bbox 519 1460 671 1533; x_wconf 80' lang='grc' dir='ltr'>στρόφιγγας</span> <span class='ocrx_word' id='word_1_110' title='bbox 688 1465 809 1535; x_wconf 81' lang='grc' dir='ltr'>χρῶνται,</span> 
     </span>
     <span class='ocr_line' id='line_1_14' title="bbox 89 1542 809 1620; baseline 0.007 -24"><span class='ocrx_word' id='word_1_111' title='bbox 89 1542 183 1616; x_wconf 80' lang='grc' dir='ltr'>πρὸς</span> <span class='ocrx_word' id='word_1_112' title='bbox 207 1542 243 1597; x_wconf 85' lang='grc' dir='ltr'>τὸ</span> <span class='ocrx_word' id='word_1_113' title='bbox 266 1544 306 1617; x_wconf 80' lang='grc' dir='ltr'>μὴ</span> <span class='ocrx_word' id='word_1_114' title='bbox 327 1543 513 1618; x_wconf 73' lang='grc' dir='ltr'>ῥήγνυσθαι</span> <span class='ocrx_word' id='word_1_115' title='bbox 538 1544 697 1618; x_wconf 73' lang='grc' dir='ltr'>Ιβόλβιτον</span> <span class='ocrx_word' id='word_1_116' title='bbox 716 1568 809 1620; x_wconf 84' lang='grc' dir='ltr'>περι·</span> 
     </span>
     <span class='ocr_line' id='line_1_15' title="bbox 90 1627 809 1706; baseline 0.004 -23"><span class='ocrx_word' id='word_1_117' title='bbox 90 1627 330 1695; x_wconf 84' lang='grc' dir='ltr'>πλάττουσιν,</span> <span class='ocrx_word' id='word_1_118' title='bbox 369 1627 455 1691; x_wconf 75' lang='grc' dir='ltr'>ὅπως</span> <span class='ocrx_word' id='word_1_119' title='bbox 493 1629 715 1706; x_wconf 75' lang='grc' dir='ltr'>άναξηρανθή</span> <span class='ocrx_word' id='word_1_120' title='bbox 752 1637 809 1686; x_wconf 88' lang='grc' dir='ltr'>καὶ</span> 
     </span>
     <span class='ocr_line' id='line_1_16' title="bbox 89 1716 808 1793; baseline 0.004 -23"><span class='ocrx_word' id='word_1_121' title='bbox 89 1719 313 1791; x_wconf 77' lang='grc' dir='ltr'>διαπνευσδῇ</span> <span class='ocrx_word' id='word_1_122' title='bbox 333 1718 421 1771; x_wconf 74' lang='grc' dir='ltr'>κατὰ</span> <span class='ocrx_word' id='word_1_123' title='bbox 440 1716 693 1792; x_wconf 78' lang='grc' dir='ltr'>μικρδνήέκτῆς</span> <span class='ocrx_word' id='word_1_124' title='bbox 708 1718 808 1793; x_wconf 80' lang='grc' dir='ltr'>μήτρας</span> 
     </span>
     <span class='ocr_line' id='line_1_17' title="bbox 91 1801 317 1878; baseline 0 -1"><span class='ocrx_word' id='word_1_125' title='bbox 91 1801 221 1878; x_wconf 58' lang='lat' dir='ltr'>irritos</span> <span class='ocrx_word' id='word_1_126' title='bbox 315 1833 317 1838; x_wconf 94' lang='lat'>·</span> 
     </span>
    </p>

    <p class='ocr_par' dir='ltr' id='par_1_5' title="bbox 61 1907 809 2850">
     <span class='ocr_line' id='line_1_18' title="bbox 170 1907 809 1985; baseline 0.006 -25"><span class='ocrx_word' id='word_1_127' title='bbox 170 1908 206 1973; x_wconf 87' lang='lat' dir='ltr'>V,</span> <span class='ocrx_word' id='word_1_128' title='bbox 225 1914 249 1975; x_wconf 84' lang='lat'>6,</span> <span class='ocrx_word' id='word_1_129' title='bbox 270 1915 293 1966; x_wconf 88' lang='lat'>1.</span> <span class='ocrx_word' id='word_1_130' title='bbox 329 1907 439 1982; x_wconf 84' lang='grc' dir='ltr'>Βάρος</span> <span class='ocrx_word' id='word_1_131' title='bbox 463 1911 495 1963; x_wconf 86' lang='grc' dir='ltr'>δὲ</span> <span class='ocrx_word' id='word_1_132' title='bbox 515 1913 667 1982; x_wconf 73' lang='grc' dir='ltr'>ἐνεγκεῖν</span> <span class='ocrx_word' id='word_1_133' title='bbox 687 1912 809 1985; x_wconf 77' lang='grc' dir='ltr'>ἰσχυρὰ</span> 
     </span>
     <span class='ocr_line' id='line_1_19' title="bbox 93 1992 808 2070; baseline 0 -20"><span class='ocrx_word' id='word_1_134' title='bbox 93 1999 155 2050; x_wconf 85' lang='grc' dir='ltr'>καὶ</span> <span class='ocrx_word' id='word_1_135' title='bbox 191 1992 209 2067; x_wconf 70' lang='lat' dir='ltr'>a]</span> <span class='ocrx_word' id='word_1_136' title='bbox 238 1995 343 2068; x_wconf 83' lang='grc' dir='ltr'>ἐλάτη</span> <span class='ocrx_word' id='word_1_137' title='bbox 377 1999 433 2048; x_wconf 90' lang='grc' dir='ltr'>καὶ</span> <span class='ocrx_word' id='word_1_138' title='bbox 463 1994 480 2068; x_wconf 78' lang='grc' dir='ltr'><strong>ἡ</strong></span> <span class='ocrx_word' id='word_1_139' title='bbox 509 1996 636 2070; x_wconf 86' lang='grc' dir='ltr'>πεύκη,</span> <span class='ocrx_word' id='word_1_140' title='bbox 668 1997 808 2068; x_wconf 84' lang='grc' dir='ltr'>πλάγιαι</span> 
     </span>
     <span class='ocr_line' id='line_1_20' title="bbox 95 2080 807 2157; baseline 0.001 -20"><span class='ocrx_word' id='word_1_141' title='bbox 95 2083 295 2154; x_wconf 77' lang='grc' dir='ltr'>τιθέμενοι·</span> <span class='ocrx_word' id='word_1_142' title='bbox 316 2080 389 2137; x_wconf 83' lang='grc' dir='ltr'>ούδὲν</span> <span class='ocrx_word' id='word_1_143' title='bbox 409 2081 456 2156; x_wconf 81' lang='grc' dir='ltr'>γάρ</span> <span class='ocrx_word' id='word_1_144' title='bbox 476 2081 680 2148; x_wconf 75' lang='grc' dir='ltr'>ἐκδιδόασιν,</span> <span class='ocrx_word' id='word_1_145' title='bbox 701 2080 807 2157; x_wconf 81' lang='grc' dir='ltr'>ὥσπερ</span> 
     </span>
     <span class='ocr_line' id='line_1_21' title="bbox 96 2154 807 2243; baseline 0.004 -21"><span class='ocrx_word' id='word_1_146' title='bbox 96 2167 111 2240; x_wconf 83' lang='grc' dir='ltr'>ἡ</span> <span class='ocrx_word' id='word_1_147' title='bbox 142 2154 224 2242; x_wconf 64' lang='lat' dir='ltr'>opor</span> <span class='ocrx_word' id='word_1_148' title='bbox 251 2171 296 2223; x_wconf 88' lang='grc' dir='ltr'>καὶ</span> <span class='ocrx_word' id='word_1_149' title='bbox 322 2169 355 2223; x_wconf 83' lang='grc' dir='ltr'>τά</span> <span class='ocrx_word' id='word_1_150' title='bbox 383 2168 482 2243; x_wconf 80' lang='grc' dir='ltr'>γεώδη,</span> <span class='ocrx_word' id='word_1_151' title='bbox 514 2167 583 2224; x_wconf 78' lang='grc' dir='ltr'>ἀλλ’</span> <span class='ocrx_word' id='word_1_152' title='bbox 604 2167 807 2225; x_wconf 74' lang='grc' dir='ltr'>άντωθοῡσι.</span> 
     </span>
     <span class='ocr_line' id='line_1_22' title="bbox 94 2252 807 2331; baseline 0.001 -22"><span class='ocrx_word' id='word_1_153' title='bbox 94 2255 213 2329; x_wconf 83' lang='grc' dir='ltr'>Σημεῖον</span> <span class='ocrx_word' id='word_1_154' title='bbox 257 2258 284 2310; x_wconf 89' lang='grc' dir='ltr'>δέ</span> <span class='ocrx_word' id='word_1_155' title='bbox 321 2252 359 2310; x_wconf 76' lang='grc' dir='ltr'>ὅτι</span> <span class='ocrx_word' id='word_1_156' title='bbox 396 2255 563 2311; x_wconf 68' lang='grc' dir='ltr'>οὐδέποτε</span> <span class='ocrx_word' id='word_1_157' title='bbox 607 2256 807 2331; x_wconf 73' lang='grc' dir='ltr'>ῥήγνυνται,</span> 
     </span>
     <span class='ocr_line' id='line_1_23' title="bbox 61 2340 807 2416; baseline 0 -20"><span class='ocrx_word' id='word_1_158' title='bbox 61 2406 65 2413; x_wconf 32' lang='lat'><strong>¹</strong></span> <span class='ocrx_word' id='word_1_159' title='bbox 94 2341 255 2415; x_wconf 77' lang='grc' dir='ltr'>καθάπερ</span> <span class='ocrx_word' id='word_1_160' title='bbox 292 2345 388 2398; x_wconf 80' lang='grc' dir='ltr'>ἐλαία</span> <span class='ocrx_word' id='word_1_161' title='bbox 425 2346 469 2397; x_wconf 88' lang='grc' dir='ltr'>καὶ</span> <span class='ocrx_word' id='word_1_162' title='bbox 504 2345 577 2416; x_wconf 81' lang='grc' dir='ltr'>δρῦς,</span> <span class='ocrx_word' id='word_1_163' title='bbox 616 2340 699 2397; x_wconf 74' lang='grc' dir='ltr'>ἀλλά</span> <span class='ocrx_word' id='word_1_164' title='bbox 730 2341 807 2416; x_wconf 81' lang='grc' dir='ltr'>πρό-</span> 
     </span>
     <span class='ocr_line' id='line_1_24' title="bbox 90 2426 807 2504; baseline -0.003 -20"><span class='ocrx_word' id='word_1_165' title='bbox 90 2450 197 2504; x_wconf 84' lang='grc' dir='ltr'>τερον</span> <span class='ocrx_word' id='word_1_166' title='bbox 218 2427 384 2502; x_wconf 85' lang='grc' dir='ltr'>σήπονται</span> <span class='ocrx_word' id='word_1_167' title='bbox 403 2433 457 2483; x_wconf 82' lang='grc' dir='ltr'>καὶ</span> <span class='ocrx_word' id='word_1_168' title='bbox 476 2426 584 2489; x_wconf 78' lang='grc' dir='ltr'>ἄλλως</span> <span class='ocrx_word' id='word_1_169' title='bbox 604 2426 807 2483; x_wconf 75' lang='grc' dir='ltr'>ἀπαυδῶσιν.</span> 
     </span>
     <span class='ocr_line' id='line_1_25' title="bbox 88 2513 806 2591; baseline -0.004 -20"><span class='ocrx_word' id='word_1_170' title='bbox 88 2514 246 2591; x_wconf 82' lang='grc' dir='ltr'>Ἰσχυρδν</span> <span class='ocrx_word' id='word_1_171' title='bbox 282 2517 314 2570; x_wconf 84' lang='grc' dir='ltr'>δὲ</span> <span class='ocrx_word' id='word_1_172' title='bbox 349 2519 406 2570; x_wconf 85' lang='grc' dir='ltr'>καὶ</span> <span class='ocrx_word' id='word_1_173' title='bbox 436 2513 449 2570; x_wconf 86' lang='grc' dir='ltr'>δ</span> <span class='ocrx_word' id='word_1_174' title='bbox 477 2516 604 2589; x_wconf 75' lang='grc' dir='ltr'>φοῖνιξ·</span> <span class='ocrx_word' id='word_1_175' title='bbox 640 2513 806 2569; x_wconf 85' lang='grc' dir='ltr'>άνάπαλιν</span> 
     </span>
     <span class='ocr_line' id='line_1_26' title="bbox 87 2599 806 2678; baseline -0.003 -20"><span class='ocrx_word' id='word_1_176' title='bbox 87 2603 154 2678; x_wconf 84' lang='grc' dir='ltr'>γάρ</span> <span class='ocrx_word' id='word_1_177' title='bbox 182 2600 199 2674; x_wconf 84' lang='grc' dir='ltr'>ή</span> <span class='ocrx_word' id='word_1_178' title='bbox 224 2599 354 2677; x_wconf 74' lang='grc' dir='ltr'>κάμψις</span> <span class='ocrx_word' id='word_1_179' title='bbox 379 2599 396 2675; x_wconf 83' lang='grc' dir='ltr'>ή</span> <span class='ocrx_word' id='word_1_180' title='bbox 420 2610 492 2663; x_wconf 82' lang='grc' dir='ltr'>τοῖς</span> <span class='ocrx_word' id='word_1_181' title='bbox 518 2600 635 2663; x_wconf 78' lang='grc' dir='ltr'>ἄλλοις</span> <span class='ocrx_word' id='word_1_182' title='bbox 660 2604 806 2675; x_wconf 77' lang='grc' dir='ltr'>γίνεται·</span> 
     </span>
     <span class='ocr_line' id='line_1_27' title="bbox 85 2688 806 2763; baseline -0.004 -18"><span class='ocrx_word' id='word_1_183' title='bbox 85 2689 133 2745; x_wconf 77' lang='grc' dir='ltr'>τὰ</span> <span class='ocrx_word' id='word_1_184' title='bbox 165 2693 223 2761; x_wconf 85' lang='grc' dir='ltr'>μὲν</span> <span class='ocrx_word' id='word_1_185' title='bbox 252 2689 311 2763; x_wconf 76' lang='grc' dir='ltr'>γάρ</span> <span class='ocrx_word' id='word_1_186' title='bbox 338 2693 385 2750; x_wconf 80' lang='grc' dir='ltr'>εἰς</span> <span class='ocrx_word' id='word_1_187' title='bbox 413 2690 452 2743; x_wconf 87' lang='grc' dir='ltr'>τά</span> <span class='ocrx_word' id='word_1_188' title='bbox 479 2688 569 2745; x_wconf 85' lang='grc' dir='ltr'>κάτω</span> <span class='ocrx_word' id='word_1_189' title='bbox 597 2688 806 2762; x_wconf 83' lang='grc' dir='ltr'>κάμπτεται,</span> 
     </span>
     <span class='ocr_line' id='line_1_28' title="bbox 86 2773 511 2850; baseline -0.002 -21"><span class='ocrx_word' id='word_1_190' title='bbox 86 2777 164 2833; x_wconf 76' lang='grc' dir='ltr'>δδέ</span> <span class='ocrx_word' id='word_1_191' title='bbox 184 2777 295 2850; x_wconf 70' lang='grc' dir='ltr'>φοῖνιξ</span> <span class='ocrx_word' id='word_1_192' title='bbox 314 2780 361 2837; x_wconf 72' lang='grc' dir='ltr'>εἰς</span> <span class='ocrx_word' id='word_1_193' title='bbox 379 2775 418 2831; x_wconf 78' lang='grc' dir='ltr'>τά</span> <span class='ocrx_word' id='word_1_194' title='bbox 438 2773 511 2831; x_wconf 86' lang='grc' dir='ltr'>άνοι.</span> 
     </span>
    </p>
   </div>
   <div class='ocr_carea' id='block_1_5' title="bbox 862 1115 1570 1428">
    <p class='ocr_par' dir='ltr' id='par_1_6' title="bbox 862 1115 1570 1428">
     <span class='ocr_line' id='line_1_29' title="bbox 933 1115 1570 1182; baseline 0.002 -12"><span class='ocrx_word' id='word_1_195' title='bbox 933 1115 1016 1181; x_wconf 67' lang='grc' dir='ltr'>ἕ222.</span> <span class='ocrx_word' id='word_1_196' title='bbox 1044 1115 1124 1182; x_wconf 90' lang='lat' dir='ltr'>Apud</span> <span class='ocrx_word' id='word_1_197' title='bbox 1137 1117 1365 1170; x_wconf 87' lang='lat' dir='ltr'>nosmateriae</span> <span class='ocrx_word' id='word_1_198' title='bbox 1384 1117 1570 1171; x_wconf 82' lang='lat' dir='ltr'>finduntur</span> 
     </span>
     <span class='ocr_line' id='line_1_30' title="bbox 862 1200 1568 1269; baseline 0.008 -17"><span class='ocrx_word' id='word_1_199' title='bbox 862 1200 1003 1268; x_wconf 83' lang='lat' dir='ltr'>aliquae</span> <span class='ocrx_word' id='word_1_200' title='bbox 1023 1205 1161 1269; x_wconf 82' lang='lat' dir='ltr'>sponte,</span> <span class='ocrx_word' id='word_1_201' title='bbox 1187 1201 1226 1256; x_wconf 91' lang='lat' dir='ltr'>ob</span> <span class='ocrx_word' id='word_1_202' title='bbox 1244 1203 1279 1256; x_wconf 90' lang='lat' dir='ltr'>ld</span> <span class='ocrx_word' id='word_1_203' title='bbox 1297 1203 1492 1257; x_wconf 81' lang='lat' dir='ltr'>architecti</span> <span class='ocrx_word' id='word_1_204' title='bbox 1511 1221 1568 1258; x_wconf 88' lang='lat' dir='ltr'>eas</span> 
     </span>
     <span class='ocr_line' id='line_1_31' title="bbox 862 1287 1568 1357; baseline 0.006 -17"><span class='ocrx_word' id='word_1_205' title='bbox 862 1287 944 1340; x_wconf 85' lang='lat' dir='ltr'>limo</span> <span class='ocrx_word' id='word_1_206' title='bbox 969 1287 1095 1341; x_wconf 87' lang='lat' dir='ltr'>inlitas</span> <span class='ocrx_word' id='word_1_207' title='bbox 1121 1289 1253 1342; x_wconf 86' lang='lat' dir='ltr'>siccari</span> <span class='ocrx_word' id='word_1_208' title='bbox 1278 1289 1417 1357; x_wconf 91' lang='lat' dir='ltr'>iubent,</span> <span class='ocrx_word' id='word_1_209' title='bbox 1445 1294 1483 1343; x_wconf 91' lang='lat' dir='ltr'>ut</span> <span class='ocrx_word' id='word_1_210' title='bbox 1509 1293 1568 1344; x_wconf 88' lang='lat' dir='ltr'>ad-</span> 
     </span>
     <span class='ocr_line' id='line_1_32' title="bbox 862 1375 1231 1428; baseline -0.003 -1"><span class='ocrx_word' id='word_1_211' title='bbox 862 1375 973 1428; x_wconf 87' lang='lat' dir='ltr'>flatus</span> <span class='ocrx_word' id='word_1_212' title='bbox 991 1391 1056 1428; x_wconf 88' lang='lat' dir='ltr'>non</span> <span class='ocrx_word' id='word_1_213' title='bbox 1074 1379 1231 1428; x_wconf 89' lang='lat' dir='ltr'>noceant.</span> 
     </span>
    </p>
   </div>
   <div class='ocr_carea' id='block_1_6' title="bbox 859 1912 1568 2833">
    <p class='ocr_par' dir='ltr' id='par_1_7' title="bbox 861 1912 1568 2397">
     <span class='ocr_line' id='line_1_33' title="bbox 931 1912 1565 1977; baseline 0.002 -13"><span class='ocrx_word' id='word_1_214' title='bbox 931 1912 1069 1964; x_wconf 85' lang='lat' dir='ltr'>Pondus</span> <span class='ocrx_word' id='word_1_215' title='bbox 1095 1912 1277 1966; x_wconf 87' lang='lat' dir='ltr'>sustinere</span> <span class='ocrx_word' id='word_1_216' title='bbox 1296 1914 1432 1967; x_wconf 90' lang='lat' dir='ltr'>validae</span> <span class='ocrx_word' id='word_1_217' title='bbox 1450 1913 1565 1977; x_wconf 64' lang='lat' dir='ltr'>ahma,</span> 
     </span>
     <span class='ocr_line' id='line_1_34' title="bbox 861 1998 1567 2067; baseline 0.003 -17"><span class='ocrx_word' id='word_1_218' title='bbox 861 1998 966 2065; x_wconf 83' lang='lat' dir='ltr'>larix,</span> <span class='ocrx_word' id='word_1_219' title='bbox 1002 1999 1083 2051; x_wconf 88' lang='lat' dir='ltr'>etiam</span> <span class='ocrx_word' id='word_1_220' title='bbox 1119 2000 1153 2051; x_wconf 86' lang='lat' dir='ltr'>in</span> <span class='ocrx_word' id='word_1_221' title='bbox 1190 2003 1387 2053; x_wconf 87' lang='lat' dir='ltr'>traversum</span> <span class='ocrx_word' id='word_1_222' title='bbox 1420 2000 1567 2067; x_wconf 87' lang='lat' dir='ltr'>positae.</span> 
     </span>
     <span class='ocr_line' id='line_1_35' title="bbox 861 2086 1568 2154; baseline 0 -16"><span class='ocrx_word' id='word_1_223' title='bbox 861 2086 980 2152; x_wconf 86' lang='lat' dir='ltr'>robur,</span> <span class='ocrx_word' id='word_1_224' title='bbox 1012 2086 1087 2139; x_wconf 89' lang='lat' dir='ltr'>olea</span> <span class='ocrx_word' id='word_1_225' title='bbox 1109 2086 1343 2139; x_wconf 88' lang='lat' dir='ltr'>incurvantur</span> <span class='ocrx_word' id='word_1_226' title='bbox 1367 2087 1568 2154; x_wconf 90' lang='lat' dir='ltr'>ceduntque</span> 
     </span>
     <span class='ocr_line' id='line_1_36' title="bbox 861 2172 1567 2242; baseline -0.003 -16"><span class='ocrx_word' id='word_1_227' title='bbox 861 2173 1015 2242; x_wconf 86' lang='lat' dir='ltr'>ponderi.</span> <span class='ocrx_word' id='word_1_228' title='bbox 1052 2172 1137 2225; x_wconf 87' lang='lat' dir='ltr'>illae</span> <span class='ocrx_word' id='word_1_229' title='bbox 1155 2172 1350 2225; x_wconf 89' lang='lat' dir='ltr'>renituntur</span> <span class='ocrx_word' id='word_1_230' title='bbox 1368 2189 1426 2226; x_wconf 90' lang='lat' dir='ltr'>nec</span> <span class='ocrx_word' id='word_1_231' title='bbox 1444 2177 1567 2226; x_wconf 90' lang='lat' dir='ltr'>temere</span> 
     </span>
     <span class='ocr_line' id='line_1_37' title="bbox 861 2259 1567 2327; baseline 0 -16"><span class='ocrx_word' id='word_1_232' title='bbox 861 2264 1081 2326; x_wconf 89' lang='lat' dir='ltr'>rumpuntur,</span> <span class='ocrx_word' id='word_1_233' title='bbox 1124 2259 1293 2327; x_wconf 86' lang='lat' dir='ltr'>priusque</span> <span class='ocrx_word' id='word_1_234' title='bbox 1336 2260 1429 2313; x_wconf 90' lang='lat' dir='ltr'>carie</span> <span class='ocrx_word' id='word_1_235' title='bbox 1470 2275 1567 2327; x_wconf 88' lang='lat' dir='ltr'>quam</span> 
     </span>
     <span class='ocr_line' id='line_1_38' title="bbox 862 2345 1213 2397; baseline 0.003 -1"><span class='ocrx_word' id='word_1_236' title='bbox 862 2346 1003 2397; x_wconf 88' lang='lat' dir='ltr'>viribus</span> <span class='ocrx_word' id='word_1_237' title='bbox 1023 2345 1213 2397; x_wconf 90' lang='lat' dir='ltr'>deficiunt.</span> 
     </span>
    </p>

    <p class='ocr_par' dir='ltr' id='par_1_8' title="bbox 859 2430 1567 2833">
     <span class='ocr_line' id='line_1_39' title="bbox 931 2430 1566 2498; baseline 0 -16"><span class='ocrx_word' id='word_1_238' title='bbox 931 2433 1023 2498; x_wconf 62' lang='lat'>§223</span> <span class='ocrx_word' id='word_1_239' title='bbox 1059 2432 1093 2482; x_wconf 89' lang='lat' dir='ltr'>et</span> <span class='ocrx_word' id='word_1_240' title='bbox 1110 2430 1241 2498; x_wconf 90' lang='lat' dir='ltr'>palmae</span> <span class='ocrx_word' id='word_1_241' title='bbox 1265 2434 1365 2485; x_wconf 90' lang='lat' dir='ltr'>arbor</span> <span class='ocrx_word' id='word_1_242' title='bbox 1390 2431 1508 2484; x_wconf 88' lang='lat' dir='ltr'>valida</span> <span class='ocrx_word' id='word_1_243' title='bbox 1533 2461 1566 2469; x_wconf 89' lang='lat'>—-</span> 
     </span>
     <span class='ocr_line' id='line_1_40' title="bbox 861 2518 1567 2571; baseline 0 -1"><span class='ocrx_word' id='word_1_244' title='bbox 861 2519 894 2570; x_wconf 92' lang='lat' dir='ltr'>in</span> <span class='ocrx_word' id='word_1_245' title='bbox 925 2518 1106 2570; x_wconf 88' lang='lat' dir='ltr'>diversum</span> <span class='ocrx_word' id='word_1_246' title='bbox 1135 2518 1228 2571; x_wconf 91' lang='lat' dir='ltr'>enim</span> <span class='ocrx_word' id='word_1_247' title='bbox 1259 2523 1430 2571; x_wconf 83' lang='lat' dir='ltr'>curvatur</span> <span class='ocrx_word' id='word_1_248' title='bbox 1465 2549 1498 2556; x_wconf 90' lang='lat'>-</span> <span class='ocrx_word' id='word_1_249' title='bbox 1534 2523 1567 2570; x_wconf 87' lang='lat' dir='ltr'>et</span> 
     </span>
     <span class='ocr_line' id='line_1_41' title="bbox 859 2604 1567 2673; baseline -0.001 -15"><span class='ocrx_word' id='word_1_250' title='bbox 859 2604 1021 2673; x_wconf 88' lang='lat' dir='ltr'>populus.</span> <span class='ocrx_word' id='word_1_251' title='bbox 1060 2607 1177 2657; x_wconf 88' lang='lat' dir='ltr'>cetera</span> <span class='ocrx_word' id='word_1_252' title='bbox 1200 2606 1313 2659; x_wconf 90' lang='lat' dir='ltr'>omnia</span> <span class='ocrx_word' id='word_1_253' title='bbox 1335 2607 1370 2657; x_wconf 92' lang='lat' dir='ltr'>in</span> <span class='ocrx_word' id='word_1_254' title='bbox 1392 2605 1567 2658; x_wconf 81' lang='lat' dir='ltr'>inferiora</span> 
     </span>
     <span class='ocr_line' id='line_1_42' title="bbox 860 2690 1566 2762; baseline -0.001 -18"><span class='ocrx_word' id='word_1_255' title='bbox 860 2692 1068 2762; x_wconf 67' lang='lat' dir='ltr'>pandJantur,</span> <span class='ocrx_word' id='word_1_256' title='bbox 1087 2690 1195 2758; x_wconf 87' lang='lat' dir='ltr'>palma</span> <span class='ocrx_word' id='word_1_257' title='bbox 1213 2708 1251 2744; x_wconf 83' lang='lat' dir='ltr'>ex</span> <span class='ocrx_word' id='word_1_258' title='bbox 1270 2692 1440 2746; x_wconf 87' lang='lat' dir='ltr'>contrario</span> <span class='ocrx_word' id='word_1_259' title='bbox 1459 2692 1566 2745; x_wconf 88' lang='lat' dir='ltr'>lerni-</span> 
     </span>
     <span class='ocr_line' id='line_1_43' title="bbox 862 2779 974 2833; baseline -0.018 0"><span class='ocrx_word' id='word_1_260' title='bbox 862 2779 974 2833; x_wconf 86' lang='lat' dir='ltr'>eatirn.</span> 
     </span>
    </p>
   </div>
   <div class='ocr_carea' id='block_1_7' title="bbox 82 2880 809 3121">
    <p class='ocr_par' dir='ltr' id='par_1_9' title="bbox 82 2880 809 3121">
     <span class='ocr_line' id='line_1_44' title="bbox 167 2880 809 2951; baseline 0.003 -19"><span class='ocrx_word' id='word_1_261' title='bbox 167 2880 276 2933; x_wconf 88' lang='lat' dir='ltr'>Vitruv.</span> <span class='ocrx_word' id='word_1_262' title='bbox 295 2880 337 2949; x_wconf 91' lang='lat' dir='ltr'>II,</span> <span class='ocrx_word' id='word_1_263' title='bbox 363 2889 392 2951; x_wconf 85' lang='lat'>9,</span> <span class='ocrx_word' id='word_1_264' title='bbox 417 2888 442 2941; x_wconf 84' lang='lat'>9.</span> <span class='ocrx_word' id='word_1_265' title='bbox 489 2883 642 2950; x_wconf 87' lang='lat' dir='ltr'>populns</span> <span class='ocrx_word' id='word_1_266' title='bbox 669 2882 748 2935; x_wconf 88' lang='lat' dir='ltr'>alba</span> <span class='ocrx_word' id='word_1_267' title='bbox 775 2886 809 2934; x_wconf 89' lang='lat' dir='ltr'>et</span> 
     </span>
     <span class='ocr_line' id='line_1_45' title="bbox 82 2968 809 3037; baseline -0.006 -15"><span class='ocrx_word' id='word_1_268' title='bbox 82 2968 199 3036; x_wconf 85' lang='lat' dir='ltr'>nigra</span> <span class='ocrx_word' id='word_1_269' title='bbox 297 2970 470 3037; x_wconf 84' lang='lat' dir='ltr'>egregiam</span> <span class='ocrx_word' id='word_1_270' title='bbox 489 2971 618 3022; x_wconf 85' lang='lat' dir='ltr'>habere</span> <span class='ocrx_word' id='word_1_271' title='bbox 639 2968 809 3020; x_wconf 90' lang='lat' dir='ltr'>videntur</span> 
     </span>
     <span class='ocr_line' id='line_1_46' title="bbox 85 3055 473 3121; baseline -0.01 -11"><span class='ocrx_word' id='word_1_272' title='bbox 85 3058 132 3110; x_wconf 91' lang='lat' dir='ltr'>in</span> <span class='ocrx_word' id='word_1_273' title='bbox 153 3070 223 3107; x_wconf 91' lang='lat' dir='ltr'>usu</span> <span class='ocrx_word' id='word_1_274' title='bbox 240 3055 473 3121; x_wconf 86' lang='lat' dir='ltr'>rigiditatem.</span> 
     </span>
    </p>
   </div>
   <div class='ocr_carea' id='block_1_8' title="bbox 86 3158 809 3576">
    <p class='ocr_par' dir='ltr' id='par_1_10' title="bbox 86 3158 809 3576">
     <span class='ocr_line' id='line_1_47' title="bbox 170 3158 806 3215; baseline -0.008 0"><span class='ocrx_word' id='word_1_275' title='bbox 170 3164 210 3215; x_wconf 91' lang='grc'>12.</span> <span class='ocrx_word' id='word_1_276' title='bbox 259 3176 312 3212; x_wconf 87' lang='lat' dir='ltr'>nou</span> <span class='ocrx_word' id='word_1_277' title='bbox 343 3159 433 3211; x_wconf 91' lang='lat' dir='ltr'>minus</span> <span class='ocrx_word' id='word_1_278' title='bbox 463 3158 650 3210; x_wconf 88' lang='lat' dir='ltr'>admirandum</span> <span class='ocrx_word' id='word_1_279' title='bbox 681 3158 714 3210; x_wconf 91' lang='lat' dir='ltr'>de</span> <span class='ocrx_word' id='word_1_280' title='bbox 747 3175 806 3210; x_wconf 91' lang='lat' dir='ltr'>cn-</span> 
     </span>
     <span class='ocr_line' id='line_1_48' title="bbox 86 3244 807 3315; baseline -0.006 -17"><span class='ocrx_word' id='word_1_281' title='bbox 86 3261 227 3315; x_wconf 90' lang='lat' dir='ltr'>pressu</span> <span class='ocrx_word' id='word_1_282' title='bbox 244 3249 277 3298; x_wconf 88' lang='lat' dir='ltr'>et</span> <span class='ocrx_word' id='word_1_283' title='bbox 295 3246 380 3313; x_wconf 87' lang='lat' dir='ltr'>pinu</span> <span class='ocrx_word' id='word_1_284' title='bbox 399 3284 474 3297; x_wconf 92' lang='lat'>.....</span> <span class='ocrx_word' id='word_1_285' title='bbox 496 3245 567 3312; x_wconf 90' lang='lat' dir='ltr'>quod</span> <span class='ocrx_word' id='word_1_286' title='bbox 587 3245 612 3296; x_wconf 88' lang='lat' dir='ltr'>is</span> <span class='ocrx_word' id='word_1_287' title='bbox 630 3244 720 3312; x_wconf 88' lang='lat' dir='ltr'>liquor</span> <span class='ocrx_word' id='word_1_288' title='bbox 731 3283 807 3297; x_wconf 89' lang='grc'><strong><em>.....</em></strong></span> 
     </span>
     <span class='ocr_line' id='line_1_49' title="bbox 86 3332 809 3400; baseline -0.003 -15"><span class='ocrx_word' id='word_1_289' title='bbox 86 3333 182 3386; x_wconf 88' lang='lat' dir='ltr'>habet</span> <span class='ocrx_word' id='word_1_290' title='bbox 194 3347 313 3384; x_wconf 88' lang='lat' dir='ltr'>amarum</span> <span class='ocrx_word' id='word_1_291' title='bbox 327 3348 456 3400; x_wconf 81' lang='lat' dir='ltr'>saporem,</span> <span class='ocrx_word' id='word_1_292' title='bbox 470 3332 517 3400; x_wconf 89' lang='lat' dir='ltr'>qui</span> <span class='ocrx_word' id='word_1_293' title='bbox 531 3371 537 3382; x_wconf 87' lang='lat'>.</span> <span class='ocrx_word' id='word_1_294' title='bbox 549 3372 554 3382; x_wconf 93' lang='lat'>.</span> <span class='ocrx_word' id='word_1_295' title='bbox 567 3372 572 3382; x_wconf 93' lang='lat'>.</span> <span class='ocrx_word' id='word_1_296' title='bbox 584 3371 590 3382; x_wconf 92' lang='lat'><strong>.</strong></span> <span class='ocrx_word' id='word_1_297' title='bbox 603 3348 665 3385; x_wconf 91' lang='lat' dir='ltr'>non</span> <span class='ocrx_word' id='word_1_298' title='bbox 680 3334 809 3399; x_wconf 88' lang='lat' dir='ltr'>patitur</span> 
     </span>
     <span class='ocr_line' id='line_1_50' title="bbox 86 3417 807 3488; baseline 0 -17"><span class='ocrx_word' id='word_1_299' title='bbox 86 3420 280 3488; x_wconf 88' lang='lat' dir='ltr'>penetrare</span> <span class='ocrx_word' id='word_1_300' title='bbox 298 3418 420 3472; x_wconf 88' lang='lat' dir='ltr'>cariem</span> <span class='ocrx_word' id='word_1_301' title='bbox 438 3432 544 3486; x_wconf 89' lang='lat' dir='ltr'>neque</span> <span class='ocrx_word' id='word_1_302' title='bbox 560 3433 615 3471; x_wconf 90' lang='lat' dir='ltr'>eas</span> <span class='ocrx_word' id='word_1_303' title='bbox 628 3417 807 3485; x_wconf 79' lang='lat' dir='ltr'>bestiolaS,</span> 
     </span>
     <span class='ocr_line' id='line_1_51' title="bbox 87 3492 640 3576; baseline -0.002 -17"><span class='ocrx_word' id='word_1_304' title='bbox 87 3521 186 3576; x_wconf 61' lang='lat' dir='ltr'>(puae</span> <span class='ocrx_word' id='word_1_305' title='bbox 205 3508 288 3558; x_wconf 88' lang='lat' dir='ltr'>sunt</span> <span class='ocrx_word' id='word_1_306' title='bbox 306 3508 482 3559; x_wconf 73' lang='lat' dir='ltr'>nocenter.</span> <span class='ocrx_word' id='word_1_307' title='bbox 638 3492 640 3497; x_wconf 43' lang='lat'><strong>¹</strong></span> 
     </span>
    </p>
   </div>
   <div class='ocr_carea' id='block_1_9' title="bbox 861 3161 1567 3314">
    <p class='ocr_par' dir='ltr' id='par_1_11' title="bbox 861 3161 1567 3314">
     <span class='ocr_line' id='line_1_52' title="bbox 932 3161 1567 3228; baseline 0.005 -15"><span class='ocrx_word' id='word_1_308' title='bbox 932 3161 1036 3228; x_wconf 87' lang='lat' dir='ltr'>pinus</span> <span class='ocrx_word' id='word_1_309' title='bbox 1079 3164 1113 3213; x_wconf 90' lang='lat' dir='ltr'>et</span> <span class='ocrx_word' id='word_1_310' title='bbox 1154 3175 1348 3226; x_wconf 88' lang='lat' dir='ltr'>cupressus</span> <span class='ocrx_word' id='word_1_311' title='bbox 1392 3162 1567 3216; x_wconf 86' lang='lat' dir='ltr'>adversus</span> 
     </span>
     <span class='ocr_line' id='line_1_53' title="bbox 861 3247 1452 3314; baseline 0 -14"><span class='ocrx_word' id='word_1_312' title='bbox 861 3247 988 3300; x_wconf 90' lang='lat' dir='ltr'>cariem</span> <span class='ocrx_word' id='word_1_313' title='bbox 1008 3247 1192 3314; x_wconf 81' lang='lat' dir='ltr'>tineaeque</span> <span class='ocrx_word' id='word_1_314' title='bbox 1211 3247 1452 3302; x_wconf 88' lang='lat' dir='ltr'>firmissimae.</span> 
     </span>
    </p>
   </div>
   <div class='ocr_carea' id='block_1_10' title="bbox 87 3609 1565 4121">
    <p class='ocr_par' dir='ltr' id='par_1_12' title="bbox 87 3609 1565 4121">
     <span class='ocr_line' id='line_1_54' title="bbox 169 3609 1565 3684; baseline 0.004 -23"><span class='ocrx_word' id='word_1_315' title='bbox 169 3609 203 3675; x_wconf 83' lang='lat' dir='ltr'>V,</span> <span class='ocrx_word' id='word_1_316' title='bbox 214 3612 271 3679; x_wconf 86' lang='lat'>6‚1.</span> <span class='ocrx_word' id='word_1_317' title='bbox 300 3609 341 3664; x_wconf 79' lang='lat' dir='ltr'>&#39;l&#39;b</span> <span class='ocrx_word' id='word_1_318' title='bbox 361 3612 395 3664; x_wconf 83' lang='grc' dir='ltr'>δὲ</span> <span class='ocrx_word' id='word_1_319' title='bbox 413 3616 472 3681; x_wconf 78' lang='grc' dir='ltr'>τῆς</span> <span class='ocrx_word' id='word_1_320' title='bbox 490 3609 660 3682; x_wconf 79' lang='grc' dir='ltr'>Εύβοϊκής</span> <span class='ocrx_word' id='word_1_321' title='bbox 679 3609 807 3684; x_wconf 81' lang='grc' dir='ltr'>καρυάς</span> <span class='ocrx_word' id='word_1_322' title='bbox 930 3610 1019 3664; x_wconf 84' lang='lat' dir='ltr'>Facile</span> <span class='ocrx_word' id='word_1_323' title='bbox 1039 3612 1186 3678; x_wconf 88' lang='lat' dir='ltr'>pandantur</span> <span class='ocrx_word' id='word_1_324' title='bbox 1203 3610 1360 3679; x_wconf 84' lang='lat' dir='ltr'>iuglans,</span> <span class='ocrx_word' id='word_1_325' title='bbox 1378 3612 1477 3665; x_wconf 86' lang='lat' dir='ltr'>fiunt</span> <span class='ocrx_word' id='word_1_326' title='bbox 1493 3615 1565 3666; x_wconf 91' lang='lat' dir='ltr'>enim</span> 
     </span>
     <span class='ocr_line' id='line_1_55' title="bbox 88 3695 1565 3772; baseline -0.001 -21"><span class='ocrx_word' id='word_1_327' title='bbox 88 3701 207 3771; x_wconf 76' lang='grc' dir='ltr'>(γίνεται</span> <span class='ocrx_word' id='word_1_328' title='bbox 229 3696 277 3770; x_wconf 79' lang='grc' dir='ltr'>γάρ</span> <span class='ocrx_word' id='word_1_329' title='bbox 302 3701 375 3769; x_wconf 78' lang='grc' dir='ltr'>μέγα,</span> <span class='ocrx_word' id='word_1_330' title='bbox 399 3700 443 3751; x_wconf 87' lang='grc' dir='ltr'>καὶ</span> <span class='ocrx_word' id='word_1_331' title='bbox 466 3703 616 3772; x_wconf 72' lang='grc' dir='ltr'>χρῶνται</span> <span class='ocrx_word' id='word_1_332' title='bbox 640 3696 721 3769; x_wconf 84' lang='grc' dir='ltr'>πρὸς</span> <span class='ocrx_word' id='word_1_333' title='bbox 744 3695 804 3768; x_wconf 85' lang='grc' dir='ltr'>τήν</span> <span class='ocrx_word' id='word_1_334' title='bbox 858 3702 891 3751; x_wconf 86' lang='lat' dir='ltr'>et</span> <span class='ocrx_word' id='word_1_335' title='bbox 926 3714 966 3751; x_wconf 81' lang='lat' dir='ltr'>ex</span> <span class='ocrx_word' id='word_1_336' title='bbox 996 3714 1034 3751; x_wconf 86' lang='lat' dir='ltr'>ea</span> <span class='ocrx_word' id='word_1_337' title='bbox 1063 3699 1188 3752; x_wconf 84' lang='lat' dir='ltr'>trabes.</span> <span class='ocrx_word' id='word_1_338' title='bbox 1242 3699 1357 3765; x_wconf 81' lang='lat' dir='ltr'>frangi</span> <span class='ocrx_word' id='word_1_339' title='bbox 1393 3714 1428 3750; x_wconf 87' lang='lat' dir='ltr'>se</span> <span class='ocrx_word' id='word_1_340' title='bbox 1464 3715 1565 3766; x_wconf 87' lang='lat' dir='ltr'>prae-</span> 
     </span>
     <span class='ocr_line' id='line_1_56' title="bbox 87 3780 1564 3860; baseline -0.001 -19"><span class='ocrx_word' id='word_1_341' title='bbox 87 3784 241 3860; x_wconf 77' lang='grc' dir='ltr'>ἔρεψιν),</span> <span class='ocrx_word' id='word_1_342' title='bbox 259 3780 338 3838; x_wconf 82' lang='grc' dir='ltr'>ὅταν</span> <span class='ocrx_word' id='word_1_343' title='bbox 358 3785 462 3857; x_wconf 83' lang='grc' dir='ltr'>μέλλη</span> <span class='ocrx_word' id='word_1_344' title='bbox 484 3782 676 3857; x_wconf 65' lang='grc' dir='ltr'>ρήγνυσθαι,</span> <span class='ocrx_word' id='word_1_345' title='bbox 696 3787 804 3856; x_wconf 77' lang='grc' dir='ltr'>ψοφεῖ,</span> <span class='ocrx_word' id='word_1_346' title='bbox 859 3786 1001 3837; x_wconf 88' lang='lat' dir='ltr'>nuntiat</span> <span class='ocrx_word' id='word_1_347' title='bbox 1027 3786 1182 3853; x_wconf 76' lang='lat' dir='ltr'>crepitu,</span> <span class='ocrx_word' id='word_1_348' title='bbox 1210 3785 1298 3852; x_wconf 89' lang='lat' dir='ltr'>quod</span> <span class='ocrx_word' id='word_1_349' title='bbox 1326 3786 1359 3837; x_wconf 92' lang='lat' dir='ltr'>in</span> <span class='ocrx_word' id='word_1_350' title='bbox 1385 3785 1564 3840; x_wconf 87' lang='lat' dir='ltr'>Antandro</span> 
     </span>
     <span class='ocr_line' id='line_1_57' title="bbox 89 3865 1565 3945; baseline -0.001 -17"><span class='ocrx_word' id='word_1_351' title='bbox 89 3875 184 3929; x_wconf 84' lang='grc' dir='ltr'>ὥστε</span> <span class='ocrx_word' id='word_1_352' title='bbox 203 3869 499 3945; x_wconf 67' lang='grc' dir='ltr'>προαισθάνεσθαι</span> <span class='ocrx_word' id='word_1_353' title='bbox 518 3869 698 3944; x_wconf 84' lang='grc' dir='ltr'>πρότερον·</span> <span class='ocrx_word' id='word_1_354' title='bbox 725 3865 804 3942; x_wconf 82' lang='grc' dir='ltr'>ὅπερ</span> <span class='ocrx_word' id='word_1_355' title='bbox 857 3871 997 3938; x_wconf 87' lang='lat' dir='ltr'>accidit,</span> <span class='ocrx_word' id='word_1_356' title='bbox 1017 3888 1088 3925; x_wconf 87' lang='lat' dir='ltr'>cum</span> <span class='ocrx_word' id='word_1_357' title='bbox 1106 3888 1120 3924; x_wconf 87' lang='lat' dir='ltr'>c</span> <span class='ocrx_word' id='word_1_358' title='bbox 1140 3872 1277 3924; x_wconf 89' lang='lat' dir='ltr'>balneis</span> <span class='ocrx_word' id='word_1_359' title='bbox 1295 3872 1381 3924; x_wconf 89' lang='lat' dir='ltr'>territi</span> <span class='ocrx_word' id='word_1_360' title='bbox 1401 3887 1466 3926; x_wconf 88' lang='lat' dir='ltr'>sono</span> <span class='ocrx_word' id='word_1_361' title='bbox 1485 3889 1565 3940; x_wconf 89' lang='lat' dir='ltr'>pro·</span> 
     </span>
     <span class='ocr_line' id='line_1_58' title="bbox 88 3955 1034 4031; baseline -0.008 -15"><span class='ocrx_word' id='word_1_362' title='bbox 88 3963 153 4016; x_wconf 85' lang='grc' dir='ltr'>καὶ</span> <span class='ocrx_word' id='word_1_363' title='bbox 185 3960 219 4012; x_wconf 86' lang='grc' dir='ltr'>ἐν</span> <span class='ocrx_word' id='word_1_364' title='bbox 251 3955 437 4031; x_wconf 79' lang='grc' dir='ltr'>Ἀντάνδρῳ</span> <span class='ocrx_word' id='word_1_365' title='bbox 476 3962 660 4012; x_wconf 81' lang='grc' dir='ltr'>συνέπεσεν</span> <span class='ocrx_word' id='word_1_366' title='bbox 698 3959 729 4010; x_wconf 82' lang='grc' dir='ltr'>ἐν</span> <span class='ocrx_word' id='word_1_367' title='bbox 766 3962 809 4028; x_wconf 73' lang='lat' dir='ltr'>cip</span> <span class='ocrx_word' id='word_1_368' title='bbox 858 3959 1034 4024; x_wconf 79' lang='lat' dir='ltr'>fugerunt.</span> 
     </span>
     <span class='ocr_line' id='line_1_59' title="bbox 89 4043 747 4121; baseline -0.009 -19"><span class='ocrx_word' id='word_1_369' title='bbox 89 4046 284 4121; x_wconf 76' lang='grc' dir='ltr'>βαλανείῳ,</span> <span class='ocrx_word' id='word_1_370' title='bbox 303 4048 360 4098; x_wconf 81' lang='grc' dir='ltr'>καὶ</span> <span class='ocrx_word' id='word_1_371' title='bbox 379 4043 503 4106; x_wconf 82' lang='grc' dir='ltr'>πάντες</span> <span class='ocrx_word' id='word_1_372' title='bbox 522 4043 747 4118; x_wconf 83' lang='grc' dir='ltr'>ἐξεπήδησαν.</span> 
     </span>
    </p>
   </div>
   <div class='ocr_carea' id='block_1_11' title="bbox 90 4185 1564 4790">
    <p class='ocr_par' dir='ltr' id='par_1_13' title="bbox 90 4185 1564 4790">
     <span class='ocr_line' id='line_1_60' title="bbox 207 4185 1564 4271; baseline -0.003 -20"><span class='ocrx_word' id='word_1_373' title='bbox 207 4187 334 4271; x_wconf 84' lang='lat' dir='ltr'>Peragr.</span> <span class='ocrx_word' id='word_1_374' title='bbox 352 4189 416 4251; x_wconf 89' lang='grc'>222</span> <span class='ocrx_word' id='word_1_375' title='bbox 440 4194 471 4251; x_wconf 90' lang='lat' dir='ltr'>et</span> <span class='ocrx_word' id='word_1_376' title='bbox 493 4187 557 4250; x_wconf 85' lang='grc'>223</span> <span class='ocrx_word' id='word_1_377' title='bbox 581 4188 724 4269; x_wconf 84' lang='lat' dir='ltr'>exceptis</span> <span class='ocrx_word' id='word_1_378' title='bbox 747 4187 798 4266; x_wconf 88' lang='lat' dir='ltr'>iis,</span> <span class='ocrx_word' id='word_1_379' title='bbox 822 4205 905 4268; x_wconf 90' lang='lat' dir='ltr'>quae</span> <span class='ocrx_word' id='word_1_380' title='bbox 929 4205 971 4249; x_wconf 83' lang='lat' dir='ltr'>ex</span> <span class='ocrx_word' id='word_1_381' title='bbox 988 4185 1137 4248; x_wconf 89' lang='lat' dir='ltr'>Vitruvio</span> <span class='ocrx_word' id='word_1_382' title='bbox 1161 4192 1289 4268; x_wconf 88' lang='lat' dir='ltr'>sumpta</span> <span class='ocrx_word' id='word_1_383' title='bbox 1312 4205 1384 4249; x_wconf 88' lang='lat' dir='ltr'>esse</span> <span class='ocrx_word' id='word_1_384' title='bbox 1401 4186 1564 4266; x_wconf 84' lang='lat' dir='ltr'>adnotavi,</span> 
     </span>
     <span class='ocr_line' id='line_1_61' title="bbox 94 4289 1560 4378; baseline -0.004 -20"><span class='ocrx_word' id='word_1_385' title='bbox 94 4296 183 4378; x_wconf 86' lang='lat' dir='ltr'>quin</span> <span class='ocrx_word' id='word_1_386' title='bbox 197 4292 415 4375; x_wconf 79' lang='lat' dir='ltr'>Theophrasto</span> <span class='ocrx_word' id='word_1_387' title='bbox 439 4291 625 4369; x_wconf 87' lang='lat' dir='ltr'>debeantur,</span> <span class='ocrx_word' id='word_1_388' title='bbox 649 4309 699 4353; x_wconf 91' lang='lat' dir='ltr'>me</span> <span class='ocrx_word' id='word_1_389' title='bbox 724 4291 855 4372; x_wconf 90' lang='lat' dir='ltr'>quidem</span> <span class='ocrx_word' id='word_1_390' title='bbox 878 4291 985 4353; x_wconf 88' lang='lat' dir='ltr'>iudice</span> <span class='ocrx_word' id='word_1_391' title='bbox 1009 4289 1144 4378; x_wconf 91' lang='lat' dir='ltr'>dubium</span> <span class='ocrx_word' id='word_1_392' title='bbox 1169 4309 1327 4353; x_wconf 90' lang='lat' dir='ltr'>essenon</span> <span class='ocrx_word' id='word_1_393' title='bbox 1351 4296 1461 4373; x_wconf 86' lang='lat' dir='ltr'>potest,</span> <span class='ocrx_word' id='word_1_394' title='bbox 1485 4310 1560 4352; x_wconf 84' lang='lat' dir='ltr'>cunr</span> 
     </span>
     <span class='ocr_line' id='line_1_62' title="bbox 90 4393 1560 4478; baseline -0.002 -18"><span class='ocrx_word' id='word_1_395' title='bbox 90 4398 294 4463; x_wconf 88' lang='lat' dir='ltr'>verbotenus</span> <span class='ocrx_word' id='word_1_396' title='bbox 326 4397 401 4475; x_wconf 84' lang='lat' dir='ltr'>fere,</span> <span class='ocrx_word' id='word_1_397' title='bbox 433 4414 514 4478; x_wconf 91' lang='lat' dir='ltr'>quae</span> <span class='ocrx_word' id='word_1_398' title='bbox 544 4401 681 4477; x_wconf 91' lang='lat' dir='ltr'>uterque</span> <span class='ocrx_word' id='word_1_399' title='bbox 712 4400 822 4457; x_wconf 83' lang='lat' dir='ltr'>auctor</span> <span class='ocrx_word' id='word_1_400' title='bbox 848 4393 985 4476; x_wconf 86' lang='lat' dir='ltr'>praebet,</span> <span class='ocrx_word' id='word_1_401' title='bbox 1014 4401 1202 4477; x_wconf 86' lang='lat' dir='ltr'>congruant.</span> <span class='ocrx_word' id='word_1_402' title='bbox 1236 4432 1277 4439; x_wconf 85' lang='grc'>--</span> <span class='ocrx_word' id='word_1_403' title='bbox 1309 4394 1381 4458; x_wconf 92' lang='lat' dir='ltr'>Non</span> <span class='ocrx_word' id='word_1_404' title='bbox 1413 4402 1560 4457; x_wconf 85' lang='lat' dir='ltr'>accurate</span> 
     </span>
     <span class='ocr_line' id='line_1_63' title="bbox 92 4498 1559 4582; baseline -0.005 -15"><span class='ocrx_word' id='word_1_405' title='bbox 92 4501 228 4568; x_wconf 88' lang='lat' dir='ltr'>Plinius</span> <span class='ocrx_word' id='word_1_406' title='bbox 243 4500 449 4582; x_wconf 87' lang='lat' dir='ltr'>Theophrasti</span> <span class='ocrx_word' id='word_1_407' title='bbox 473 4499 569 4562; x_wconf 92' lang='lat' dir='ltr'>verba</span> <span class='ocrx_word' id='word_1_408' title='bbox 584 4498 722 4561; x_wconf 90' lang='lat' dir='ltr'>reddidit</span> <span class='ocrx_word' id='word_1_409' title='bbox 736 4499 771 4560; x_wconf 92' lang='lat' dir='ltr'>in</span> <span class='ocrx_word' id='word_1_410' title='bbox 786 4518 908 4581; x_wconf 84' lang='lat' dir='ltr'>paragr.</span> <span class='ocrx_word' id='word_1_411' title='bbox 924 4499 998 4579; x_wconf 81' lang='grc'>222,</span> <span class='ocrx_word' id='word_1_412' title='bbox 1024 4499 1078 4562; x_wconf 91' lang='lat' dir='ltr'>ubi</span> <span class='ocrx_word' id='word_1_413' title='bbox 1102 4499 1197 4562; x_wconf 87' lang='lat' dir='ltr'>dicit:</span> <span class='ocrx_word' id='word_1_414' title='bbox 1224 4498 1377 4580; x_wconf 90' lang='lat' dir='ltr'>„Pondus</span> <span class='ocrx_word' id='word_1_415' title='bbox 1400 4499 1559 4561; x_wconf 89' lang='lat' dir='ltr'>sustinere</span> 
     </span>
     <span class='ocr_line' id='line_1_64' title="bbox 93 4604 1555 4686; baseline -0.005 -16"><span class='ocrx_word' id='word_1_416' title='bbox 93 4604 224 4670; x_wconf 87' lang='lat' dir='ltr'>validae</span> <span class='ocrx_word' id='word_1_417' title='bbox 247 4604 345 4686; x_wconf 89' lang='lat' dir='ltr'>abies,</span> <span class='ocrx_word' id='word_1_418' title='bbox 368 4605 463 4684; x_wconf 81' lang='lat' dir='ltr'>larix,</span> <span class='ocrx_word' id='word_1_419' title='bbox 486 4605 584 4667; x_wconf 89' lang='lat' dir='ltr'>etiam</span> <span class='ocrx_word' id='word_1_420' title='bbox 608 4605 641 4665; x_wconf 87' lang='lat' dir='ltr'>in</span> <span class='ocrx_word' id='word_1_421' title='bbox 665 4608 843 4666; x_wconf 90' lang='lat' dir='ltr'>traversum</span> <span class='ocrx_word' id='word_1_422' title='bbox 866 4605 1020 4686; x_wconf 80' lang='lat' dir='ltr'>positae“,</span> <span class='ocrx_word' id='word_1_423' title='bbox 1045 4605 1139 4686; x_wconf 87' lang='lat' dir='ltr'>quasi</span> <span class='ocrx_word' id='word_1_424' title='bbox 1163 4605 1257 4666; x_wconf 91' lang='lat' dir='ltr'>etiam</span> <span class='ocrx_word' id='word_1_425' title='bbox 1281 4611 1369 4682; x_wconf 84' lang='lat' dir='ltr'>tunc,</span> <span class='ocrx_word' id='word_1_426' title='bbox 1393 4621 1466 4664; x_wconf 91' lang='lat' dir='ltr'>cum</span> <span class='ocrx_word' id='word_1_427' title='bbox 1491 4621 1555 4665; x_wconf 90' lang='lat' dir='ltr'>nou</span> 
     </span>
     <span class='ocr_line' id='line_1_65' title="bbox 92 4706 1552 4790; baseline -0.005 -15"><span class='ocrx_word' id='word_1_428' title='bbox 92 4713 162 4776; x_wconf 89' lang='lat' dir='ltr'>sint</span> <span class='ocrx_word' id='word_1_429' title='bbox 184 4713 221 4771; x_wconf 93' lang='lat' dir='ltr'>in</span> <span class='ocrx_word' id='word_1_430' title='bbox 243 4715 421 4772; x_wconf 90' lang='lat' dir='ltr'>traversum</span> <span class='ocrx_word' id='word_1_431' title='bbox 444 4710 575 4790; x_wconf 88' lang='lat' dir='ltr'>positae,</span> <span class='ocrx_word' id='word_1_432' title='bbox 607 4707 731 4771; x_wconf 88' lang='lat' dir='ltr'>validae</span> <span class='ocrx_word' id='word_1_433' title='bbox 755 4710 830 4789; x_wconf 85' lang='lat' dir='ltr'>sint,</span> <span class='ocrx_word' id='word_1_434' title='bbox 861 4727 935 4770; x_wconf 90' lang='lat' dir='ltr'>cum</span> <span class='ocrx_word' id='word_1_435' title='bbox 959 4706 1193 4790; x_wconf 90' lang='lat' dir='ltr'>Theophrastus</span> <span class='ocrx_word' id='word_1_436' title='bbox 1221 4707 1392 4771; x_wconf 88' lang='lat' dir='ltr'>contendat</span> <span class='ocrx_word' id='word_1_437' title='bbox 1425 4706 1552 4789; x_wconf 78' lang='lat' dir='ltr'>pondus</span> 
     </span>
    </p>
   </div>
   <div class='ocr_carea' id='block_1_12' title="bbox 0 0 1652 5436">
    <p class='ocr_par' dir='ltr' id='par_1_14' title="bbox 0 0 1652 5436">
     <span class='ocr_line' id='line_1_66' title="bbox 0 0 1652 5436; baseline 0 0"><span class='ocrx_word' id='word_1_438' title='bbox 0 0 1652 5436; x_wconf 95' lang='lat' dir='ltr'> </span> 
     </span>
    </p>
   </div>
  </div>
 </body>
</html>
