3292 5436
776 83 815 147 17

172 288 292 373 Cetera,
320 308 402 372 quae
425 289 551 354 Plinius
573 292 607 354 in
631 292 690 354 hac
712 292 907 374 paragrapho
929 291 1035 374 tradit,
1064 292 1151 374 apud
1172 293 1421 376 Theophrastum
1453 311 1519 356 non

62 400 197 458 exstant
220 400 251 458 et
272 394 403 457 aliunde
427 400 553 475 sumpta
575 400 663 476 sunt,
691 402 723 458 et
754 413 828 457 cum
851 395 903 457 hic
926 395 1021 459 etiam
1052 414 1168 459 coecus
1196 398 1376 460 accuratius
1407 397 1525 461 descri-

65 498 173 580 batur,
195 498 299 581 prima
322 517 462 581 quoque,
487 517 571 581 quae
594 499 707 580 adtuli,
731 497 828 562 verba
850 499 953 562 eidem
976 500 1098 563 auctori
1122 498 1229 564 deberi
1251 506 1337 582 pute.

168 619 262 698 ξ33.
306 619 402 683 Prius
424 619 551 683 Plinius
581 618 726 702 loquitur
754 619 793 682 de
816 618 994 682 Galliarum
1022 619 1207 702 glandiferis
1229 620 1407 703 arboribus,
1437 620 1523 685 Lati-

66 743 161 804 num,
185 728 221 787 ut
244 728 332 807 puto,
355 728 515 787 auctorem
539 728 682 804 secutae,
706 722 821 787 deinde
843 723 962 806 pergit:

134 865 181 927 111,
195 865 221 927 8,
234 865 260 917 6.’
288 855 323 915 “n
351 862 379 915 δὲ
406 863 514 916 καλοῦσί
541 882 608 921 τινες
638 858 767 935 φάσκον
890 859 1086 929 Eglandileris
1111 860 1184 915 sola
1206 877 1273 930 quae
1295 864 1407 916 vocatur
1428 864 1524 932 aegi-

61 946 182 1022 ὅμοιον
209 953 280 1006 τοῖς
308 948 442 1019 ῥακίοις
466 945 484 1019 ἠ
510 950 656 1022 αίγίλωφ
686 945 768 1020 μόνη
822 946 898 1015 lops
925 947 992 999 fert
1018 962 1147 1015 pannos
1170 948 1280 1016 arentis,
1308 964 1432 1003 muscoso
1455 942 1524 1005 villo

61 1030 516 1109 φέρει,πολιδνκαὶουβραχυ’·
535 1033 642 1108 καὶγὰρ
661 1054 769 1109 anzo·
823 1048 939 1101 cauce,
964 1049 1017 1087 non
1040 1033 1076 1086 in
1100 1034 1234 1089 cortice
1256 1036 1525 1091 modoverumete
1590 1086 1595 1094 .

63 1129 137 1175 αῖον
164 1118 492 1193 κατακρεμάννυται
519 1118 638 1194 καθάπερ
674 1118 770 1196 τρόχος
823 1121 927 1173 ramis
955 1119 1186 1188 dependentis
1210 1121 1363 1176 cubitali
1390 1123 1524 1192 magni·
1611 1171 1614 1179 ,

62 1206 168 1263 dicatae
188 1205 296 1281 μακράν.
334 1204 458 1261 oderes
482 1208 515 1262 δὲ
539 1212 639 1261 τοῦτο
659 1208 693 1260 ἐκ
711 1211 770 1260 τοῦ
824 1205 964 1274 tudine,
982 1205 1114 1274 odoratos,
1123 1207 1286 1262 utdiximus
1299 1207 1369 1262 inter
1380 1212 1524 1278 unguenta.

62 1296 199 1367 φλοιοῦ,
218 1296 262 1346 καὶ
281 1289 329 1346 οὐκ
347 1295 377 1346 έκ
389 1298 436 1364 τῆς
448 1292 568 1367 κορύνης,
586 1289 646 1347 ὅθεν
659 1290 677 1364 ἠ
690 1291 769 1364 βάλα-

62 1401 123 1440 νος·
149 1377 203 1434 οὐδ’
222 1378 248 1440 ἐξ
276 1376 422 1452 ὀφθαλμοῦ,
451 1375 508 1434 ἀλλ’
528 1382 564 1434 έκ
588 1385 635 1433 τοῦ
660 1381 769 1451 πλαγίου

63 1471 127 1520 τῶν
147 1461 276 1520 ἄνωθεν
296 1461 387 1527 ὄζων.

173 1587 255 1652 Cum
279 1589 453 1673 complura,
478 1607 560 1671 quae
583 1594 719 1671 uterque
741 1594 852 1654 auctor
873 1587 1012 1673 praebet,
1045 1590 1127 1652 inter
1156 1607 1190 1653 se
1219 1592 1429 1673 consentiant,
1461 1591 1524 1655 alia

62 1699 183 1775 tamen,
207 1711 289 1776 quae
312 1693 396 1776 apud
421 1692 565 1759 Plinium
587 1693 784 1770 invenimus,
807 1692 894 1775 apud
915 1692 1167 1777 Theophrastum
1191 1711 1256 1756 non
1280 1699 1418 1758 exstant.
1457 1693 1521 1760 Sed

61 1803 171 1860 tamen
194 1801 272 1879 puto
296 1815 344 1878 ea,
368 1814 450 1879 quae
473 1796 559 1880 apud
582 1802 757 1879 utrumque
780 1803 969 1880 congruant,
991 1795 1206 1881 Theophrasto
1230 1796 1345 1862 debere
1367 1798 1522 1882 Plinium,

61 1901 236 1984 praecipue
269 1920 344 1964 cum
378 1901 431 1962 hio
464 1919 577 1964 rursus
611 1900 701 1963 illius
734 1899 832 1963 verba
865 1901 1052 1967 confuderit.
1108 1897 1193 1963 Nam
1222 1900 1351 1979 verba3¹
1373 1922 1456 1984 „non
1488 1905 1523 1967 in

59 2005 181 2082 cortice
203 2004 307 2086 modo,
339 2023 453 2068 verum
482 2008 513 2066 et
535 2022 553 2066 e
573 2003 692 2066 ramis“
724 2002 857 2067 confusa
890 2007 967 2066 sunt
1001 2022 1043 2067 ex
1076 2003 1183 2067 verbis
1216 2003 1431 2089 Theophrasti,
1466 2010 1525 2090 qui

62 2107 160 2171 dicit:
195 2106 368 2191 „pheacum
391 2108 574 2172 nascituro
604 2109 730 2188 cortice,
763 2126 829 2170 non
864 2125 881 2170 e
911 2107 1044 2191 genitali
1077 2105 1132 2171 illa
1166 2107 1265 2189 clava,
1299 2109 1387 2174 unde
1419 2112 1523 2194 glans,

67 2230 177 2294 neque
199 2230 241 2275 ex
264 2210 366 2293 oculo,
388 2212 444 2275 sed
467 2231 485 2275 e
506 2210 660 2276 lateribus
690 2211 893 2294 superiorum
924 2212 1117 2275 ramorum.“
1177 2210 1259 2275 Cum
1293 2213 1393 2295 igitur
1425 2215 1524 2279 Theo-

64 2316 217 2398 phrastus
239 2315 410 2379 contendat
436 2315 592 2399 phascum
621 2314 712 2379 nasci
734 2333 752 2378 e
774 2315 889 2378 cortice
912 2301 1114 2399 superiorum
1136 2334 1308 2398 ramorum,
1331 2316 1459 2382 Plinius
1481 2338 1524 2383 ex

64 2419 117 2482 his
140 2417 246 2483 verbis
276 2419 357 2482 duos
388 2418 450 2482 sibi
477 2417 574 2482 finxit
601 2418 698 2502 loebe,
728 2437 745 2481 e
780 2417 899 2501 quibus
928 2417 1009 2482 illud
1039 2423 1199 2500 nascatur,
1229 2419 1296 2483 scil.
1319 2423 1469 2485 corticem
1493 2429 1524 2487 et

63 2541 181 2585 ramos.
203 2557 246 2569 -
268 2520 296 2584 Ε
320 2520 426 2587 verbis
447 2522 665 2607 Theophrasti,
691 2524 737 2586 sic
760 2528 797 2586 ut
818 2523 933 2586 tradita
955 2528 1042 2605 sunt,
1073 2522 1201 2586 nullum
1231 2524 1403 2607 respondet
1425 2525 1524 2589 Plinii

62 2626 226 2691 vocabulo
262 2627 437 2709 „arentis“;
473 2627 528 2690 sed
563 2646 637 2691 cum
666 2626 872 2710 Theophrasti
904 2625 994 2690 locus
1023 2627 1065 2690 sit
1094 2630 1264 2709 corruptus
1294 2632 1326 2691 et
1352 2631 1524 2714 praecipue

62 2730 162 2794 verba
193 2729 312 2807 ,πολιὸν
335 2727 385 2793 καὶ
408 2727 442 2793 οὐ
467 2728 582 2816 βραχιίι
615 2750 682 2794 non
715 2735 798 2795 certe
831 2735 993 2818 constent,
1027 2732 1159 2795 fortasse
1192 2731 1228 2792 in
1261 2731 1367 2796 verbis
1400 2735 1524 2799 traditis

59 2834 189 2917 aliquid
218 2834 306 2915 latet,
335 2834 421 2916 quod
451 2833 552 2898 Plinii
582 2834 689 2899 verbis
715 2834 914 2919 respondeat
958 2834 1126 2898 Vocabula
1159 2855 1326 2918 „muscoso
1348 2837 1445 2901 rillo“
1479 2860 1522 2902 an

62 2937 193 3002 Plinius
230 2938 299 3021 ipse
334 2939 457 3002 adicere
490 2939 640 3020 potuerit,
679 2937 800 3001 dubito.
858 2936 1007 3021 Denique
1045 2939 1132 3022 apud
1169 2940 1420 3023 Theophrastum
1456 2961 1523 3006 non

62 3043 230 3105 invenitur
265 3041 432 3123 „odoratos
461 3061 530 3105 esse
558 3042 710 3124 pannos“,
738 3041 794 3104 sed
822 3041 883 3104 hoc
912 3041 1040 3106 Plinius
1070 3061 1113 3106 ex
1134 3040 1209 3123 XII,
1235 3043 1296 3108 108
1327 3045 1392 3107 huc
1420 3051 1523 3110 trans·

58 3146 140 3209 tulit
164 3151 194 3210 et
217 3144 348 3209 aliunde
370 3150 537 3209 mutuatus
559 3151 616 3209 est.

133 3286 181 3348 ΙΙΙ,
200 3286 243 3349 17,
262 3285 287 3339 1.
309 3278 339 3337 Ὃ
360 3281 453 3356 φελλὸς
565 3282 596 3337 τὸ
617 3285 645 3338 δὲ
664 3283 767 3355 δένδρον

60 3372 118 3424 ἐστὶ
137 3369 294 3444 οτελεχῶδες
315 3371 361 3439 μέν
386 3372 430 3422 καὶ
457 3366 631 3442 ὀλιγόκλαδον,
656 3364 769 3441 εὔμηκες

56 3453 86 3511 δ’
105 3458 225 3517 ἐπιεικῶς
249 3457 293 3508 καὶ
318 3451 437 3515 εὖαυξές·
463 3453 537 3516 ξύλον
566 3454 685 3531 ἰσχυρόν·
712 3454 767 3510 τὸν

57 3546 96 3598 δὲ
116 3540 236 3617 φλοιὸν
255 3539 363 3616 παχὺν
383 3539 511 3615 σφόδρα
529 3544 574 3597 καὶ
591 3539 768 3617 καταρρηγνύ-

59 3649 150 3702 μενον,
171 3623 255 3701 ὥσπερ
281 3625 294 3682 δ
318 3633 366 3700 τῆς
389 3630 487 3695 πίτυος,
510 3628 577 3702 πλὴν
602 3628 670 3684 κατὰ
689 3629 768 3701 μείζω

130 3714 231 3787 καρπὸν
251 3715 279 3768 δὲ
298 3716 348 3769 αἰεὶ
366 3717 439 3788 φέρει
452 3713 606 3789 βαλανηρὸν,
627 3710 715 3786 ὅμοιον
734 3718 767 3787 τῇ

61 3799 131 3876 cipiet.
180 3799 401 3874 Περιαιροῦσι
432 3802 465 3855 δὲ
494 3799 550 3855 τὸν
582 3799 766 3875 φλοιὸν...

60 3888 383 3959 έξοιναπληροῦνται
417 3888 449 3941 δὲ
480 3885 579 3942 πάλιν
614 3886 705 3962 σχεδὸν
740 3888 766 3940 έν

57 3976 142 4042 τρισὶν
162 3974 251 4028 ἔτεσιν.

132 4064 179 4126 ΙΙΙ,
200 4063 240 4127 16,
260 4065 284 4118 3.
315 4055 348 4115 Ὃ
380 4061 408 4114 δέ
439 4061 560 4114 καλοῦσιν
594 4061 618 4114 οἱ
646 4057 767 4134 Ἀρκάδες

60 4146 216 4221 φελλόδρυν,
247 4145 349 4201 τοιάνδε
380 4148 434 4221 ἔχει
461 4143 508 4218 τὴν
539 4145 629 4221 φύσιν·
658 4144 690 4208 ὡς
720 4150 766 4219 μὲν

58 4230 150 4293 ἁπλῶς
180 4235 273 4297 εἰπεῖν,
308 4229 358 4287 οίνδι
388 4236 466 4305 μέσον
497 4234 587 4307 πρίνου
618 4234 663 4286 καί
692 4229 767 4305 δρυός

58 4321 145 4373 ἐστιν·
190 4322 245 4372 καὶ
282 4319 365 4374 ἔνιοί
400 4341 435 4393 γε
471 4316 767 4390 ὑπολαμβάνουσιν

58 4407 152 4460 εἶναι
179 4406 285 4478 δῆλον
304 4413 435 4480 πρῖνον·
460 4405 510 4460 διὸ
535 4408 591 4460 καὶ
616 4401 699 4459 ὅπου
726 4403 767 4477 μὴ

61 4489 188 4566 φύεται
215 4498 346 4565 πρῖνος,
375 4491 486 4566 τούτῳ
514 4497 660 4568 χρῶνται
686 4489 767 4564 πρὸς

59 4576 120 4638 τὰς
139 4575 271 4650 ἁμάξας
289 4581 345 4633 καὶ
369 4577 408 4633 τὰ
425 4584 542 4645 τοιαῦτα,
565 4576 719 4651 καθάπερ
740 4579 768 4632 oi

61 4662 639 4738 περὶΛακεδαίμονακαὶἸΙλείαν.

891 3283 967 3350 ξ34,
1002 3281 1098 3335 Subori
1118 3282 1240 3336 minuma
1261 3283 1345 3351 arbor,
1368 3283 1444 3352 glans
1462 3301 1523 3353 pes-

822 3383 907 3436 suma,
925 3384 990 3435 rara,
1009 3368 1129 3422 cortex
1146 3369 1252 3421 tantum
1267 3367 1407 3437 infructu,
1424 3388 1523 3439 prae·

822 3470 962 3508 crassus
987 3471 1023 3508 ac
1045 3469 1233 3508 renascens
1251 3457 1331 3524 atque
1349 3458 1376 3510 et
1392 3457 1524 3524 iudanos

821 3542 902 3609 pedes
932 3540 1054 3609 undique
1082 3540 1249 3608 explanatus.
1293 3556 1361 3596 usus
1389 3544 1450 3598 ems
1476 3561 1524 3598 an·

822 3627 955 3682 coralibus
991 3643 1117 3680 maxume
1159 3627 1270 3682 navium
1306 3627 1523 3700 piscantimnque

820 3713 933 3782 tragulis
957 3716 984 3766 et
1007 3713 1134 3767 cadorum
1161 3714 1362 3782 opturamentis,
1390 3719 1524 3783 praeterea

820 3801 850 3852 in
866 3799 978 3854 hiberno
995 3799 1155 3854 feminarum
1173 3799 1297 3854 calciatu.
1327 3817 1408 3870 quarn
1420 3803 1453 3857 ob
1466 3819 1523 3858 rem

821 3901 874 3939 non
902 3885 1015 3938 infacete
1043 3885 1136 3939 Graeci
1171 3886 1285 3941 cortices
1320 3887 1441 3942 arborem
1476 3907 1523 3959 ap-

820 3970 927 4040 pellant.

890 4057 976 4112 Sunt
998 4058 1032 4110 et
1054 4057 1113 4125 qui
1136 4057 1299 4112 feminam
1321 4060 1444 4114 ilicem
1461 4078 1523 4117 vo·

821 4146 900 4198 cent
925 4145 1042 4212 atquo,
1070 4143 1130 4198 ubi
1157 4161 1221 4199 non
1248 4145 1408 4200 nascitur
1434 4147 1523 4217 ilex,

820 4247 879 4300 pro
908 4247 945 4285 ea
976 4231 1099 4284 subere
1135 4233 1278 4284 utantur
1312 4231 1347 4284 in
1382 4249 1523 4302 carpen-

821 4317 925 4372 tariis
952 4315 1142 4386 praecipua
1168 4317 1333 4384 fabricis,
1366 4321 1403 4372 ut
1430 4319 1525 4376 circa

820 4403 908 4457 urim
932 4406 965 4458 et
988 4403 1283 4458 Lacedaemonem.
1325 4421 1374 4459 nec
1398 4406 1428 4459 in
1446 4405 1524 4463 ltalia

821 4493 876 4545 tota
894 4490 1014 4545 nascitur
1032 4492 1078 4543 aut
1098 4490 1128 4542 in
1147 4489 1232 4544 Gallia
1249 4491 1365 4546 omnino.
