3292 5436
801 146 844 210 96

89 349 166 408 οὐθὲν
192 347 297 417 ἄτοπον,
323 349 386 406 κᾶν
411 350 428 423 ἡ
453 355 511 423 μὲν
531 353 564 405 ἐν
584 349 796 426 ἀειφύλλαις,
851 367 936 420 qnae
954 351 1037 407 folia
1054 352 1220 406 amittant
1235 353 1270 406 et
1288 353 1361 422 ipsi
1380 355 1533 424 decidere,

90 437 108 512 ἢ
135 441 169 493 δὲ
193 437 473 513 inpudicitiai:
498 436 640 511 ἐμβιῴη·
665 440 798 511 συμβαίνει
852 440 974 493 contra
1009 440 1195 493 inhaerere
1231 441 1313 494 nato
1349 443 1385 494 in
1418 444 1536 498 aeterna

57 541 59 546 '
88 524 136 600 γὰρ
156 525 284 598 ἔνθαμὲν
304 520 381 601 ἔχειν,
405 526 522 604 ἔνθα-δὲ
547 524 583 598 μὴ
609 527 677 601 ἔχειν
705 527 798 600 διαρκῆ
852 526 982 580 fronde.

14 618 22 631 “
88 612 136 687 τὴν
155 611 263 687 τροφήν.

160 723 184 774 5.
231 713 307 772 οὐδὲ
334 717 466 787 γίνεται
494 716 578 790 πλὴν
607 713 670 771 ἀπὸ
699 720 798 791 σπέρ-
921 717 1010 785 ξ247.
1038 715 1539 777 Omninoautemsatnmnnllo

90 825 196 878 ματος
222 800 299 858 ὅταν
328 805 357 857 οἱ
384 799 518 877 ὄρνιθες
541 803 717 864 ἐσθίοντες
741 805 797 860 τὸν
850 803 948 858 1110ᾱο
974 803 1137 857 nascitur
1163 819 1224 857 nec
1254 804 1328 858 nisi
1358 821 1418 874 per
1445 807 1541 863 alvom

89 889 220 964 καρπὸν
240 892 430 963 spoliantur
453 890 512 963 τὴν
532 892 736 964 περίττωσιν
756 893 798 946 ἐπὶ
849 890 966 944 avium
992 889 1183 957 redditum,
1214 906 1343 946 maxume
1369 892 1541 962 palumbinus

88 982 137 1031 τῶν
162 978 288 1050 δένδρων·
315 975 375 1031 τότε
405 977 452 1051 γὰρ
475 974 539 1031 αὐτὸ
565 977 595 1031 τὸ
623 981 726 1051 σπέρμα
745 1000 797 1052 σῳ·
849 977 945 1031 turdis.
988 976 1053 1030 haec
1077 978 1120 1030 est
1143 979 1237 1031 natura
1260 980 1292 1031 ut
1315 979 1372 1033 nisi
1395 983 1541 1035 maturum

91 1061 198 1136 {operor
217 1067 261 1117 aci
280 1066 412 1136 ἐπιμεῖναν
432 1063 624 1137 διεβλάστησεν.
849 1065 879 1118 in
897 1066 990 1118 ventre
1008 1064 1102 1118 avium
1119 1080 1173 1117 non
1189 1065 1339 1132 proveniat.
1369 1067 1485 1122 altitudo
1494 1067 1542 1122 eius
1566 1056 1569 1061 Ι

849 1168 902 1205 non
925 1151 1034 1205 excedit
1052 1149 1206 1218 cubitalem,
1231 1167 1338 1220 semper
1361 1153 1500 1208 frutectosi
1518 1170 1543 1208 ac

848 1238 955 1291 viridis.
1001 1253 1058 1290 mas
1092 1236 1206 1304 fertilis,
1239 1237 1340 1293 femina
1363 1236 1476 1312 sterilis,
1500 1241 1543 1294 nisi

849 1324 921 1392 quod
939 1327 966 1376 et
983 1323 1082 1378 fertilis
1101 1322 1243 1391 aliquando
1261 1341 1317 1379 non
1334 1325 1395 1379 fert.

200 1463 316 1527 Omnia
350 1466 428 1528 haec
464 1484 546 1548 qnae
576 1465 703 1528 Plinius
739 1466 777 1529 de
808 1467 895 1530 visco
931 1466 1024 1546 dicit,
1057 1485 1123 1530 non
1158 1485 1201 1529 ex
1234 1452 1454 1549 Theophrasto
1488 1470 1544 1552 ipso

96 1566 231 1632 fluxisse
266 1569 346 1632 mihi
379 1569 539 1633 videntur.
606 1567 690 1632 Nam
728 1571 787 1632 etsi
825 1570 983 1633 nonnulla
1021 1570 1109 1653 apud
1147 1574 1325 1653 utrumque
1364 1578 1568 1656 congruunt,¹

95 1672 248 1756 pleraque
281 1679 404 1754 tamen,
441 1693 523 1756 qnae
557 1673 685 1736 Plinius
718 1673 864 1757 praebet,
907 1675 994 1757 apud
1027 1674 1280 1758 Theophrastum
1314 1694 1383 1738 non
1418 1682 1545 1757 exstant,

95 1796 213 1859 neque,
245 1796 328 1859 qnae
359 1782 495 1860 uterque
525 1775 637 1860 habet,
671 1777 765 1860 plane
794 1777 987 1842 verbotenus
1019 1780 1103 1842 inter
1135 1799 1169 1843 se
1202 1780 1411 1863 respondent.
1470 1779 1548 1856 Quae

92 1900 167 1943 cum
200 1883 246 1944 ita
278 1882 362 1962 sint,
403 1883 512 1944 omnia
545 1882 623 1946 haec
656 1883 715 1943 uui
750 1884 892 1964 auctori,
928 1884 984 1965 qui
1017 1884 1086 1965 ipse
1112 1880 1325 1967 Theophrasto
1364 1903 1450 1948 usus
1483 1888 1546 1965 erat,

94 1983 200 2048 deberi
223 1988 311 2067 puto.
1190 2006 1198 2022 ¹

198 2104 287 2180 Quae
318 2113 474 2170 secuntur
504 2127 609 2189 usque
640 2107 680 2170 ad
710 2107 808 2171 finem
838 2108 936 2170 huius
966 2107 1049 2190 libri,
1084 2108 1170 2192 apud
1197 2108 1456 2193 Theophrastum
1486 2129 1545 2173 non

94 2213 234 2292 exstant,
258 2210 313 2273 sed
338 2229 379 2273 ex
400 2209 526 2292 Latine,
548 2213 583 2272 ni
606 2211 706 2292 fallor,
731 2216 859 2274 anctore
883 2216 1011 2295 sumpta
1033 2220 1121 2276 sunt.

199 2644 252 2706 Ex
282 2646 341 2707 hac
372 2645 472 2707 Plinii
500 2651 531 2708 et
559 2644 766 2728 Theophrasti
798 2645 976 2708 conlatione
1007 2647 1077 2708 sine
1107 2645 1173 2707 nllo
1205 2644 1302 2708 dubio
1336 2665 1389 2710 me
1427 2647 1552 2730 quidem

96 2747 204 2811 iudice
241 2748 371 2831 adparet
404 2749 548 2811 Plinium
583 2748 791 2831 Theophrasti
828 2750 931 2831 ipsius
969 2749 1067 2812 libros
1105 2749 1305 2831 excussisse,
1345 2750 1431 2832 quin
1469 2752 1552 2815 hunc
1580 2796 1583 2801 -

70 2923 74 2943 ¹
96 2853 325 2934 gravissimum
347 2852 446 2914 Plinii
469 2858 629 2915 auctorem
654 2854 689 2914 in
712 2852 810 2916 rebns
832 2853 1047 2936 phytologicis
1069 2853 1177 2917 fuisse.
1222 2851 1306 2916 Nam
1330 2872 1372 2916 ex
1396 2873 1447 2937 ec,
1471 2854 1552 2938 quod
1578 2864 1581 2869 '

96 2955 224 3018 Plinius
248 2956 298 3036 iis,
324 2975 406 3038 qnae
430 2975 472 3019 ex
487 2955 701 3040 Theophrasto
724 2955 902 3037 fluxerunt,
927 2956 1146 3039 compluribus
1168 2957 1247 3019 locis
1271 2957 1344 3040 alia,
1368 2978 1458 3040 quae
1473 2958 1553 3043 apud

95 3058 348 3142 Theophrastum
371 3079 436 3122 non
461 3061 657 3140 invenimus,
681 3061 805 3140 adiecit,
829 3061 857 3122 si
879 3059 1024 3123 Plinium
1047 3080 1114 3123 non
1129 3058 1344 3144 Theophrasto
1366 3063 1443 3144 ipsc
1460 3082 1551 3128 usum

96 3182 166 3226 esse
189 3164 431 3244 concludamus,
457 3183 553 3246 quem
577 3169 657 3226 tnnc
680 3183 755 3227 eum
778 3163 964 3226 adhibuisse
987 3170 1149 3228 auctorem
1171 3161 1206 3226 in
1229 3168 1338 3228 nostro
1361 3165 1448 3230 libro
1472 3186 1551 3231 com·

96 3267 247 3348 ponendo
277 3268 454 3350 putemus?
501 3266 590 3331 Certe
619 3270 647 3330 is
678 3267 778 3331 fnisse
808 3268 920 3331 debeat
953 3276 1064 3331 auctor
1095 3268 1144 3332 vel
1169 3267 1310 3333 Graecus
1332 3269 1385 3332 vel
1408 3269 1551 3351 Latione,

99 3372 155 3451 qui
178 3373 246 3454 ipse
269 3371 524 3453 Theophrastum
556 3375 749 3455 excerpserit
779 3378 810 3435 et
842 3371 1061 3454 compluribus
1092 3371 1223 3454 quidem
1254 3372 1333 3435 locis
1361 3374 1552 3439 verbotenus

98 3482 227 3538 secutus
260 3478 311 3556 sit,
339 3483 501 3558 praeterea
530 3477 640 3538 multa
663 3496 704 3539 ex
734 3478 837 3558 ipsius
869 3477 1002 3538 scientia
1031 3476 1190 3539 adiecerit.
1249 3473 1342 3550 Quod
1372 3497 1458 3541 num
1488 3479 1553 3562 quis

96 3578 207 3642 fecerit
231 3585 261 3642 et
285 3582 358 3662 quis
382 3581 441 3642 hoc
464 3580 578 3643 fecisse
602 3581 748 3662 potnerit,
773 3598 937 3662 nusquam
959 3580 1182 3662 comperimus.
1227 3578 1310 3643 Nam
1334 3580 1363 3644 si
1383 3580 1552 3646 Teuffelins

97 3683 278 3746 secundum
318 3683 577 3746 Gntschmidinm
616 3683 668 3764 (M.
702 3683 762 3746 Rh.
798 3684 858 3765 37,
896 3683 969 3748 548.
1036 3682 1236 3746 Jahrbiicher
1279 3683 1331 3747 fiir
1376 3683 1551 3769 Philologie

97 3785 335 3869 Supplementb.
360 3788 390 3869 2,
424 3787 495 3868 180)
530 3786 668 3868 Trogum
699 3788 890 3871 Pompeium
920 3788 980 3851 hoc
1011 3787 1123 3850 fecisse
1152 3788 1333 3868 contendit,
1368 3806 1449 3852 cum
1480 3791 1549 3852 haec

98 3889 175 3952 dicit
197 3893 231 3953 in
256 3891 466 3973 „Geschichte
490 3891 960 3956 (101111111110110111111011101ιι
985 3911 1055 3974 pag.
1081 3891 1161 3954 602:
1194 3891 1343 3972 „Plinius
1366 3898 1475 3956 neunt
1495 3893 1548 3957 den

96 3993 217 4076 Trogus
240 3995 416 4079 Pompeius
440 3999 484 4059 im
501 3995 836 4071 Qnellenverzeichnis
859 4017 901 4058 zu
916 3996 1008 4059 Bnch
1025 3997 1131 4060 7-11
1156 3994 1348 4078 (Menschen
1363 3997 1437 4060 und
1453 3996 1551 4074 Tiarai,

100 4097 226 4162 12-18
250 4098 388 4180 (Bitnme
411 4100 481 4163 und
503 4099 696 4180 Acherban),
722 4100 760 4163 31
788 4100 959 4177 (medicina
983 4119 1024 4163 ex
1047 4099 1254 4182 aquatilibus)
1278 4099 1359 4162 und.
1373 4098 1481 4165 citiert
1500 4100 1548 4163 ihr

99 4200 189 4263 darin
224 4203 391 4266 mehrfach.
448 4202 615 4267 Demnach
648 4204 702 4265 hat
735 4204 856 4286 Trogus
892 4204 975 4267 anch
1006 4204 1045 4267 de
1079 4203 1198 4286 plantis
1226 4202 1459 4286 geschrieben,
1492 4200 1550 4267 nnl

97 4323 182 4367 zvar
203 4308 274 4386 (wie
297 4308 352 4370 das
377 4307 459 4370 Oitat
482 4307 533 4370 bei
556 4308 683 4371 Plinius
706 4306 771 4370 NH
797 4309 847 4390 17,
870 4308 912 4372 58
936 4309 1027 4389 lehrt)
1051 4309 1134 4370 nach
1156 4306 1387 4389 Theophrast“,
1411 4308 1476 4372 hoc
1496 4324 1550 4372 non

97 4412 162 4469 tam
194 4407 294 4473 firmis
329 4413 525 4493 argumentis
560 4413 694 4494 nititur,
720 4417 770 4490 ‚nt
803 4431 916 4477 verum
951 4431 1020 4475 esse
1055 4404 1140 4475 credi
1180 4410 1303 4476 debeat.
1363 4409 1550 4498 obloquitur

98 4510 274 4576 Schanzius
303 4519 339 4576 in
368 4515 579 4596 „Gesohichte
612 4515 668 4579 der
696 4517 877 4580 rbmischen
905 4515 1096 4579 Litteratur“
1129 4515 1190 4578 vol.
1213 4513 1247 4577 lI
1276 4534 1350 4598 pag.
1378 4515 1457 4599 191,
1489 4532 1550 4581 cnm

98 4615 291 4681 haecdicit:
326 4606 510 4701 „Charisius
533 4620 636 4682 citiert
660 4619 734 4701 137,
757 4621 796 4683 9:
822 4619 980 4702 „Trogum
1005 4620 1044 4683 de
1067 4619 1260 4683 animalibus
1286 4619 1373 4683 libro
1397 4618 1468 4685 X“.
1511 4616 1550 4684 ln

97 4720 218 4803 Trogus
248 4723 282 4784 in
311 4723 372 4786 den
404 4723 796 4799 Quellenverzeichnissen
832 4724 887 4788 der
920 4724 1129 4788 botanischen
1163 4723 1293 4789 Biicher
1329 4724 1374 4789 12
1385 4726 1476 4792 -18
1508 4723 1551 4789 da
