3292 5436
809 158 850 222 74

48 428 51 433 ι
94 359 142 414 διὰ
171 359 220 432 τὴν
251 356 381 434 ὑγρότητα
419 360 465 432 τὴν
502 359 691 435 δτιρινσρένιρ
727 359 804 435 αὐτῷ.
857 363 1035 418 subnascente
1049 365 1075 418 ei
1093 365 1311 434 materiaque
1328 366 1571 435 nigrescente.

82 445 194 501 ’Μετὰ
231 448 265 502 δὲ
299 452 405 501 ταῦτα
437 449 720 521 δυσπεριαίρετος
749 453 805 503 καὶ
857 449 929 518 ligna
955 453 984 504 et
1010 451 1111 520 quibus
1142 451 1228 506 aufert
1262 451 1366 507 securis
1394 453 1569 509 corticem-a

94 531 136 587 τὸ
155 531 252 593 ξύλον
272 535 377 605 μέλαν
396 535 527 606 γίνεται
545 537 589 589 καὶ
608 536 729 596 δυσειδὲς.
765 534 805 590 Τὰ
857 536 951 590 bruma
960 537 993 591 ad
1005 539 1144 592 favonium
1157 539 1212 605 aut,
1226 537 1251 591 si
1263 537 1421 606 praevenire
1430 556 1568 608 cogamur,

96 621 128 674 δὲ
151 618 317 694 τρετρσίγωνα
345 619 411 692 μετὰ
435 619 480 674 τὸν
505 619 633 693 λσπητόν·
658 619 805 696 ἀφαιρεῖται
856 623 957 677 arcturi
971 639 1068 678 occasu
1079 625 1107 678 et
1117 626 1178 679 ante
1191 640 1254 678 eum
1266 623 1402 692 fidiculae,
1418 625 1566 680 novissima

93 705 146 781 γὰρ
165 704 185 778 ἡ
202 709 341 780 πελέκησις
359 707 406 781 τὴν
421 709 570 763 δυσείδειαν.
601 703 689 770 “Oltam
708 711 735 764 δὲ
753 716 804 764 πᾶν
857 710 960 764 ratione
970 710 1095 765 solstitio.
1114 711 1173 786 dies
1183 712 1304 766 siderum
1312 711 1412 766 horum
1420 713 1563 766 reddentur

16 831 18 834 .
99 793 163 867 πρὸς
188 793 262 870 ἰσχὺν
289 792 447 868 ὡραιότατον
477 791 507 850 od
533 793 610 867 μόνον
639 799 805 868 πεπαυμένον
858 811 907 851 suo
930 796 998 850 loco.
1034 797 1113 865 volgo
1137 798 1204 852 satis
1227 800 1323 866 putant
1348 800 1501 867 observare,
1524 815 1561 852 ne

17 871 30 898 ³
94 886 146 952 τῆς
165 878 340 952 βλαστήσεως,
365 878 424 936 ἀλλ’
436 883 474 937 ἔτι
492 884 590 954 μᾶλλον
611 880 804 937 ἐκπεπαίναν
858 898 911 950 qua
945 882 1091 938 dedolanda
1126 884 1228 938 arbos
1264 886 1448 941 sternatur
1489 889 1560 940 anie

44 1003 49 1008 ·
98 965 155 1020 τὸν
174 967 312 1041 καρπὸν.
357 1010 359 1015 .
857 968 974 1023 editos
993 985 1075 1023 suos
1094 971 1246 1025 fructus.

168 1059 193 1111 2.
231 1056 310 1128 δρῦς
334 1056 368 1108 δὲ
387 1052 525 1128 ὀψιαίτατα
543 1053 629 1109 κατὰ
654 1061 805 1130 χειμῶνα
927 1055 1023 1122 ἕ189.
1064 1054 1180 1109 Robur
1202 1072 1284 1112 vere
1308 1076 1449 1115 caesum
1474 1063 1556 1114 tere·

95 1139 166 1212 ρετδι
183 1139 213 1196 τὸ
227 1138 394 1215 μετόπωρον·
414 1140 470 1196 ἐὰν
490 1143 523 1196 δὲ
542 1138 604 1197 δπδ
624 1140 679 1196 τὸν
699 1145 805 1217 iosap·
858 1141 973 1194 dinem
1003 1142 1128 1210 sentit,
1158 1143 1276 1198 bruma
1305 1147 1423 1200 autem
1456 1163 1555 1216 neque

93 1227 156 1282 ’τὸν
175 1230 301 1302 τμηθῇ,
326 1226 473 1300 σήπεται
495 1226 642 1303 τάχιστα
666 1227 804 1295 aecelcsia,
857 1228 1014 1281 vitiatur
1040 1244 1151 1297 neque
1174 1231 1360 1300 pandatur,
1387 1233 1478 1288 alias
1504 1235 1553 1289 ob·

97 1312 192 1368 ἐάντε
211 1314 335 1390 'epplenus
360 1313 405 1369 ἐάν
430 1336 459 1370 τε
484 1310 605 1389 ἄφλοιος·
630 1318 675 1370 καὶ
694 1313 806 1387 μάλιστα
857 1315 1000 1369 noxium
1027 1315 1109 1369 etiam
1132 1318 1164 1369 ut
1188 1318 1310 1386 torqueat
1334 1334 1394 1374 sese
1420 1321 1552 1390 findatque,

94 1404 146 1474 ρὲν
169 1402 202 1457 τὰ
221 1404 247 1456 ἑν
266 1407 305 1474 τῷ
324 1401 419 1475 πρώτῳ
445 1403 561 1474 λυπητῖρ,
588 1399 696 1475 δεύτερα
721 1404 749 1456 δὲ
771 1401 804 1456 τὰ
858 1403 944 1470 qued
977 1401 1013 1454 in
1043 1402 1138 1456 subere
1174 1405 1390 1473 tempestive
1427 1423 1551 1477 quoque

53 1477 56 1488 ’
93 1490 125 1541 ἐν
144 1494 181 1561 τῷ
198 1489 419 1562 δευτέρῳ·τρίτα
438 1490 467 1543 δὲ
484 1487 518 1542 τὰ
536 1490 562 1542 ἐν
581 1494 619 1561 τῷ
633 1491 722 1563 τρίτῳ.
764 1488 805 1544 'l'cl
857 1504 957 1544 caeso
975 1490 1106 1543 evenit.

19 1588 21 1591 ’
93 1577 127 1630 δὲ
145 1576 211 1647 μετὰ
223 1574 271 1648 τὴν
290 1578 415 1629 πέπανσιν
434 1580 487 1628 τῶν
506 1580 612 1648 καρπῶν
632 1571 737 1649 ἄβρωτα
751 1577 804 1631 δια-

100 1665 180 1734 μένει,
199 1659 250 1716 κᾶν
270 1659 396 1718 ἀλόπιστα
414 1657 440 1735 ᾗ.

165 1747 302 1824 Ὡραῖον
344 1750 377 1803 δὲ
418 1748 557 1825 τμηθὲν
588 1747 624 1802 τὸ
668 1747 806 1821 δρύϊνον

93 1837 228 1897 ’σἰσαπέσ
250 1857 285 1890 τε
309 1838 364 1890 καὶ
388 1832 688 1909 ἀδριπηδέστατσν
721 1839 806 1908 γίνε-

92 1944 165 1988 ται,
193 1925 238 1978 καὶ
263 1922 376 1997 σκληρὸν
403 1925 448 1977 καὶ
476 1920 572 1975 πυκνὸν
601 1917 686 1995 ὥσπερ
714 1924 806 1994 κέρας·

98 2015 148 2063 πᾶν
167 2008 214 2083 γὰρ
234 2005 324 2082 ὅμοιόν
349 2012 403 2064 ἐστι
427 2010 568 2082 ὲρκαρδίιρ,
598 2006 684 2080 πλὴν
712 2006 749 2062 τό
772 2029 806 2080 γε

91 2102 158 2168 τῆς
179 2094 323 2171 ἁλιφλοίου,
342 2098 398 2149 καὶ
416 2095 496 2150 τότε
515 2097 653 2169 φαῦλον.

204 2201 294 2277 Quae
328 2201 454 2264 Plinius
492 2201 569 2263 dicit
602 2202 637 2263 in
672 2220 794 2283 paragr.
826 2203 887 2266 190
921 2208 952 2264 et
989 2203 1061 2284 191,
1097 2204 1183 2288 apud
1212 2203 1466 2287 Theophrastum
1497 2224 1557 2269 non

93 2312 240 2386 exstant,
264 2314 295 2369 et
318 2307 471 2388 pleraque
498 2323 540 2368 ex
564 2303 678 2367 Latino
703 2311 830 2369 auctore
853 2311 980 2390 sumpta
1004 2305 1090 2370 snut.
1148 2307 1186 2370 cf.
1222 2307 1387 2390 „Tiberius
1419 2309 1561 2390 Caesar‘,

93 2412 151 2492 „in
175 2409 319 2491 Raetia“,
346 2409 470 2492 „forum
494 2410 714 2492 Augustum“.

167 2536 192 2587 4.
237 2528 344 2586 Πάντων
376 2531 405 2583 δὲ
434 2530 512 2601 δῆλον
544 2524 582 2582 ὅτι
612 2529 734 2600 βελτίω
764 2531 803 2598 τὰ
927 2529 942 2595 ἓ
973 2533 1032 2587 192.
1085 2527 1154 2585 Nee
1187 2531 1348 2586 novellae
1382 2534 1502 2586 autem
1527 2533 1565 2587 ad

92 2623 159 2672 τῶν
186 2613 408 2689 ἀκμαζόντων
434 2616 582 2688 δένδρων
601 2612 618 2687 ἣ
637 2621 698 2669 τῶν
717 2618 801 2669 νέων
856 2616 1038 2669 materiem
1055 2632 1116 2669 nec
1135 2619 1276 2671 veteres
1294 2617 1534 2674 utilissimae.

94 2707 220 2777 κομιδῆ
239 2700 256 2774 ἢ
275 2699 533 2774 γεγηρακότων·
557 2700 590 2754 τὰ
609 2705 655 2771 μὲν
674 2700 722 2774 γὰρ
742 2699 802 2755 ὑδα-

92 2790 176 2863 τώδη,
194 2789 227 2844 τὰ
246 2792 273 2843 δὲ
291 2788 385 2860 γεώδη.

168 2873 324 2940 Vitruv.lI,
343 2879 368 2940 9,
389 2878 413 2930 3,
445 2871 525 2925 Caedi
537 2875 626 2924 autem
638 2872 677 2925 ita
690 2875 801 2940 oportet,
924 2873 1129 2928 circumcisas
1166 2891 1272 2945 quoque
1306 2877 1346 2930 ad
1376 2879 1572 2934 medullam

95 2966 129 3017 ut
146 2963 329 3016 incidatur
346 2957 448 3012 arboris
462 2957 612 3012 crassitudo
630 2959 669 3012 ad
687 2960 804 3013 mediam
855 2959 942 3028 aliqui
960 2977 1013 3015 non
1031 2960 1166 3015 inutiliter
1182 2962 1378 3030 relincunt,
1396 2967 1435 3018 ut
1455 2967 1572 3020 omnis

97 3047 299 3114 medullam,
317 3048 351 3099 et
367 3044 606 3114 relinquatur,
625 3046 667 3099 uti
685 3061 733 3113 per
744 3062 803 3100 eam
856 3062 952 3100 umor
970 3048 1153 3102 stantibus
1171 3049 1315 3102 defluat.

92 3136 264 3190 exsiccescat
290 3132 416 3186 stillando
445 3145 536 3184 sucus.
578 3130 633 3184 [ta
661 3133 708 3200 qui
732 3133 804 3186 inest

96 3222 125 3274 in
161 3221 206 3273 his
237 3218 384 3273 inutilis
420 3215 535 3285 liquor
569 3217 722 3272 effluens
757 3235 804 3286 per

97 3307 223 3362 torulum·
241 3322 293 3359 non
312 3304 413 3372 pat'tur
430 3304 514 3357 emori
537 3302 567 3355 in
585 3319 616 3356 eo
635 3304 737 3357 saniem
754 3321 803 3358 nee

92 3394 233 3461 corrumpi
256 3391 381 3445 materiae
405 3389 569 3458 qualitatem.
614 3389 687 3444 Tunc
706 3392 804 3459 autem,

93 3496 161 3534 eum
179 3479 251 3533 sicea
269 3480 296 3532 et
314 3477 373 3530 sine
392 3475 475 3529 stillis
494 3475 547 3529 erit
559 3476 642 3541 arbor,
662 3477 803 3544 deiciatur,

93 3566 181 3620 etita
199 3566 251 3619 erit
269 3563 370 3632 optima
387 3563 416 3615 in
434 3577 495 3615 usu.

206 3669 295 3745 Quae
328 3677 483 3732 secuntur
506 3668 592 3750 apud
615 3667 769 3750 Plinium,
801 3688 907 3753 neque
938 3673 1024 3754 apud
1053 3672 1303 3756 Theophrastum
1335 3693 1444 3757 neque
1468 3678 1566 3760 'apud

99 3774 286 3838 Vitruvium
311 3775 449 3836 exstant.

202 3877 241 3940 In
276 3877 326 3939 his
360 3875 564 3958 paragraphis
601 3881 707 3939 utrum
740 3875 868 3941 Plinius
896 3877 1111 3962 Theophrasto
1145 3883 1215 3964 ipso
1252 3901 1292 3944 an
1327 3882 1389 3945 alio
1421 3884 1564 3966 quodam

93 3987 237 4062 auctore,
261 3982 317 4063 qui
340 3981 408 4061 ipse
430 3976 680 4062 Theophrastum
703 3989 910 4064 excerpserat,
935 4003 1014 4047 usus
1038 3986 1088 4066 sit,
1112 3985 1248 4049 dubium
1271 3987 1350 4049 mihi
1373 3994 1429 4053 est.

205 4101 241 4164 In
266 4119 387 4184 paragr.
413 4098 474 4162 188
507 4119 544 4163 ea
566 4107 702 4182 tantum,
732 4120 814 4183 quae
843 4102 955 4167 litteris
983 4105 1079 4169 latius
1110 4106 1272 4191 dispositis
1304 4108 1441 4190 signavi,
1475 4109 1562 4194 apud

98 4212 275 4288 utrumque
309 4207 501 4286 congruunt,
529 4208 559 4265 et
587 4222 627 4266 ne
657 4205 734 4267 haec
764 4206 893 4287 quidem
923 4208 968 4270 ita
991 4208 1195 4292 verbotenus,
1211 4218 1263 4274 ¹ut
1291 4219 1458 4295 procerte
1484 4233 1560 4277 eon·

95 4312 231 4376 tendere
253 4308 389 4372 audeam
413 4306 490 4368 haec
511 4304 724 4388 Theophrasto
748 4309 811 4391 ipsi
835 4309 951 4374 deberi.

202 4414 330 4496 Peregr.
346 4407 407 4472 189
432 4427 473 4471 ex
488 4407 699 4490 Theophrasto
724 4418 851 4495 sumpta
873 4432 943 4477 esse
965 4421 1077 4497 potest,
1100 4419 1160 4480 etsi
1176 4437 1241 4481 nen
1259 4420 1368 4481 omnia
1385 4420 1559 4505 utriusque

17 4553 23 4564 =
97 4520 195 4587 verba
224 4521 309 4581 inter
338 4531 372 4577 se
403 4512 618 4575 consentiunt.
675 4511 762 4576 Dicit
794 4515 1045 4600 Theophrastus:
1083 4520 1200 4601 „robur
1233 4541 1364 4587 caesum
1398 4523 1476 4588 κατὰ
1511 4525 1559 4589 τδν

93 4624 224 4710 λυπητδν
259 4619 420 4686 celerrime
454 4616 618 4697 putrescit,
651 4618 853 4699 potissimum
891 4620 952 4684 sub
974 4624 1136 4706 primum,
1171 4626 1281 4689 minus
1315 4625 1376 4690 sub
1413 4628 1561 4711 alterum,

94 4734 230 4798 minime
268 4723 329 4789 sub
369 4717 532 4787 tertium“·
579 4717 724 4783 Plinius:
767 4721 896 4802 „Robur
932 4744 1006 4790 vere
1044 4745 1173 4791 caesum
1190 4778 1194 4786 .
1211 4730 1405 4794 teredinem.
1428 4735 1559 4798 sentit‘.

90 5014 158 5112 ἱ
347 5028 372 5111 a
550 4812 591 5112 ι
1501 5092 1506 5115 .
