3292 5436
841 159 885 222 34

204 368 261 435 53.
297 365 400 422 Οίοκται
424 358 451 420 δέ
469 386 536 426 τινες
557 366 601 420 καὶ
619 364 667 436 τὴν
685 363 785 439 τροφὴν
804 370 841 437 τῷ
891 380 997 434 cunque
1020 364 1137 432 habet,
1166 380 1232 433 quae
1256 365 1285 418 in
1303 336 1364 419 aliis
1389 363 1515 432 gentium
1540 363 1598 418 lana

83 519 85 528 ‚
135 453 217 527 ὑπτίῳ
245 451 298 508 διὰ
324 458 381 506 τοῦ
412 458 559 526 πρανοῦς
590 452 687 516 εἶναι,
719 450 773 506 διὰ
802 451 838 506 τὸ
891 454 940 505 est.

135 543 238 613 ἔκικροκ
264 537 304 594 ἀεὶ
328 545 407 594 τοῦτο
431 542 488 594 καί
512 540 656 614 χνοῶῦες
680 539 781 603 εἶναι,
807 535 838 593 oo'

134 630 220 688 καλῶς
238 628 364 698 λέγοντες.

242 732 317 796 Non
339 735 423 795 recte
446 731 561 794 tradita
583 750 653 795 esse
675 731 827 795 videntur
849 730 946 794 verba
960 731 1166 813 Theophrasti
1189 732 1223 792 in
1245 750 1367 813 paragr.
1384 731 1420 794 2:
1439 779 1465 793 ..
1482 778 1491 794 .
1507 779 1514 792 .
1532 733 1596 794 λεῖα

137 835 170 900 δὲ
193 832 242 899 καὶ
265 834 301 898 ad
324 839 375 897 rod
398 838 502 898 κιττοῦ.
546 833 635 899 Haec
659 854 709 899 me
733 835 863 919 quidem
886 835 994 898 iudice
1023 835 1115 898 nihili
1139 842 1224 897 sunt.
1282 833 1364 897 Nam
1395 835 1492 917 paulo
1525 840 1597 898 ante

140 940 223 1002 dixit
244 937 479 1023 Theophrastus
502 939 647 1001 omnium
669 938 816 1002 foliorum
848 941 1045 1021 superiorem
1067 943 1188 1021 partem
1212 956 1281 1002 esse
1304 938 1467 1019 leviorem,
1500 956 1598 1021 quam

143 1044 183 1127 ob
205 1063 272 1108 rem
296 1043 347 1105 hie
371 1042 410 1106 de
432 1042 517 1106 foliis
539 1043 673 1106 hederae
694 1044 820 1125 proprie
842 1043 876 1104 id
898 1042 1043 1105 adnotari
1065 1046 1149 1105 corte
1172 1061 1237 1104 non
1259 1046 1373 1125 potest.
1430 1041 1598 1106 Praeterea

138 1146 293 1230 particula
326 1141 414 1222 „aai“
447 1146 585 1209 ostendit
616 1146 867 1229 Theophrastum
903 1145 1023 1209 adferre
1057 1145 1191 1228 aliquid,
1228 1147 1314 1229 quod
1348 1145 1430 1209 foliis
1464 1144 1598 1210 hederae

119 1240 308 1314 ¹commune
342 1252 384 1313 sit
417 1270 491 1313 cum
525 1250 610 1314 foliis
645 1250 754 1314 olivae.
817 1249 909 1313 Idem
944 1251 1090 1332 sequitur
1124 1268 1165 1314 ex
1199 1250 1299 1313 Plinii
1336 1248 1461 1314 verbis:
1504 1251 1598 1332 „item

138 1355 302 1419 hederae.“
351 1353 465 1430 ,Quam
496 1353 536 1416 ob
566 1373 633 1418 rem
662 1353 875 1418 Schneiderus
905 1352 1001 1417 verba
1030 1354 1114 1430 ,λεῖα
1145 1351 1196 1417 ab
1229 1355 1327 1418 deleri
1360 1353 1474 1436 voluit,
1512 1355 1596 1437 quod

141 1459 290 1542 equidem
313 1477 378 1521 non
402 1458 511 1541 probo.
568 1457 652 1521 Nam
673 1457 937 1542 Theophrastum,
960 1459 987 1521 si
1012 1458 1116 1522 dicere
1139 1458 1294 1522 voluisset
1320 1458 1471 1522 foliorum
1496 1458 1596 1522 olivae

140 1570 172 1626 et
193 1563 329 1626 hederae
352 1564 547 1645 superiorem
571 1569 692 1645 partem
714 1581 784 1625 esse
807 1561 1024 1626 candidiorem
1056 1568 1087 1627 et
1118 1565 1226 1626 minus
1255 1563 1369 1643 levem,
1400 1564 1597 1646 scripturum

140 1667 241 1730 fuisse
270 1676 365 1749 puto:
400 1671 469 1749 ,,τῆς
501 1663 602 1738 ἐλαίας
626 1663 658 1728 δὲ
681 1663 730 1729 καὶ
753 1671 805 1728 τοῦ
827 1670 1024 1729 merediana.
1046 1661 1204 1749 arrideret
1226 1668 1310 1730 λεῖα“
1334 1667 1384 1731 vel
1406 1671 1477 1750 „vde
1500 1664 1599 1738 ἐλαίας

139 1767 171 1851 δὲ
203 1773 280 1834 λεακ.
309 1795 334 1832 κ.
365 1763 450 1853 ἧττον
472 1773 506 1846 λ,
537 1767 674 1854 καθάπερ
704 1766 753 1832 καὶ
781 1774 833 1832 τοῦ
862 1775 985 1833 κιτταῦ.“
1040 1771 1207 1835 Praeterea
1240 1790 1291 1834 me
1326 1771 1459 1854 quidem
1493 1772 1599 1835 iudice

145 1867 207 1936 n'on
244 1878 367 1936 rectum
408 1878 455 1936 est
498 1873 649 1936 foliorum
694 1872 828 1937 hederae
873 1881 993 1957 partem
1038 1875 1221 1939 inferiorem
1254 1895 1336 1939 esse
1380 1876 1596 1957 candidorem,

45 1990 49 2000 ‘
144 1979 197 2042 sed
234 1979 309 2041 folia
357 1978 491 2041 hederae
529 1996 699 2040 commune
735 1977 854 2040 habent
891 1997 966 2041 cum
1002 1977 1087 2042 foliis
1124 1979 1227 2044 olivae
1263 1980 1324 2042 hoc
1362 1984 1509 2061 tantum,
1554 1985 1599 2060 ut,

141 2102 216 2145 cum
257 2086 361 2146 cetera
393 2081 468 2145 folia
507 2083 703 2164 superiorem
740 2086 862 2163 partem
900 2080 1037 2146 habeant
1073 2083 1223 2146 leviorem
1258 2103 1356 2166 quam
1393 2085 1601 2167 superiorem,
1640 2070 1642 2085 ¹

139 2187 218 2250 haec
261 2185 400 2248 habeant
441 2186 552 2248 minus
597 2184 700 2248 levem
747 2183 918 2270 (λευκότερα
956 2188 1093 2269 pertinet
1130 2187 1169 2250 ad
1205 2189 1310 2252 ‘olivae
1356 2188 1457 2252 solius
1502 2188 1599 2268 folia).

142 2287 245 2364 Quam
276 2288 316 2351 ob
345 2307 430 2369 rem,
459 2293 495 2352 ut
524 2287 582 2354 Ed.
605 2288 819 2353 Schwartzius
847 2288 986 2372 benigne
1016 2310 1067 2355 me
1095 2289 1214 2372 docuit,
1244 2297 1318 2356 ante
1347 2291 1450 2369 ,,λεῖα“
1480 2285 1600 2376 „harod

140 2393 298 2457 excidisse
321 2398 399 2475 puto
423 2394 522 2456 etsie
545 2412 615 2457 csse
638 2393 857 2458 scribendum:
888 2393 1065 2480 ,λευκότερα
1096 2392 1146 2458 καὶ
1168 2389 1253 2480 ἧττον
1276 2396 1349 2460 λεῖα.
1372 2390 1457 2480 ἧττον
1481 2396 1550 2461 λεῖα
1572 2394 1601 2459 δὲ

140 2493 248 2560 καὶτὰ
271 2502 323 2560 τοῦ
345 2500 469 2560 κιττοῦ.“
1468 2499 1469 2504 ’

245 2618 284 2683 ln
307 2639 430 2703 paragr.
454 2619 495 2682 87
519 2624 550 2683 et
571 2618 614 2684 88
638 2620 869 2703 componendis
892 2620 1019 2684 Plinius
1049 2640 1121 2685 moa
1152 2621 1282 2705 quidem
1313 2624 1472 2687 sententia
1501 2623 1599 2687 Theo

70 2713 73 2719 ’
142 2725 307 2820 phrastum
330 2729 460 2788 secutus
484 2727 539 2787 est.

249 2846 290 2909 In
312 2865 433 2928 paragr.
450 2845 490 2908 87
509 2846 616 2907 omnia
638 2845 732 2928 plane
755 2849 948 2928 congruunt,
973 2845 1037 2908 nisi
1061 2847 1147 2928 quod
1171 2846 1298 2910 Plinius
1320 2846 1437 2910 adiecit
1462 2847 1601 2928 „salici“,

144 2951 231 3034 quod
255 2952 372 3013 mirum
396 2954 454 3032 est,
477 2968 552 3012 oum
574 2955 699 3032 praeter
720 2950 799 3013 haee
821 2953 887 3012 tota
909 2951 1126 3032 paragraphus
1149 2950 1242 3014 nulla
1271 2951 1332 3014 alia
1360 2949 1511 3033 praebeat
1542 2951 1602 3013 nisi

141 3054 348 3136 Theophrasti
370 3052 467 3117 verba
490 3052 686 3119 verbotenus
710 3072 810 3117 versa.
868 3051 1014 3117 Fortasse
1049 3054 1134 3136 apud
1157 3055 1408 3136 Theophrastum
1442 3058 1517 3136 post
1550 3058 1601 3137 ,κῇ

103 3148 112 3167 ’
142 3158 269 3243 πτελέᾳ“
292 3158 408 3222 excidit
431 3161 487 3242 „ari
508 3156 600 3242 ίτέᾳ.“

250 3279 362 3360 Parag.
387 3279 428 3342 88
461 3284 581 3343 attente
612 3280 833 3363 contemplatis
868 3279 998 3362 adparet
1032 3279 1175 3342 Plinium
1208 3279 1413 3363 Theophrasti
1447 3278 1602 3342 vocabula

144 3379 279 3460 „terrod‘
303 3390 334 3447 et
355 3383 504 3469 ,,πρανὴς“
527 3385 562 3446 in
585 3385 677 3446 initio
701 3388 732 3447 et
755 3383 815 3448 sub
838 3383 937 3447 finem
959 3382 1037 3447 falso
1061 3384 1203 3447 vertisse.
1252 3382 1333 3447 Cum
1356 3384 1442 3448 enim
1466 3379 1601 3460 ,,ῧκτιος“

145 3489 186 3550 sit
209 3489 392 3571 „supinum
426 3488 608 3572 superius“,
637 3486 783 3572 ,,πρανη’ς“
814 3507 983 3571 „pronum,
1012 3487 1179 3569 inferius“,
1206 3488 1332 3553 Plinius
1362 3490 1398 3551 in
1427 3488 1522 3550 initio
1555 3485 1604 3564 „rol

56 3622 63 3631 τ
146 3588 251 3655 ἱίττια“
274 3593 370 3655 vertit
392 3611 448 3675 per
472 3611 566 3674 „pars
589 3591 748 3674 inferior‘,
771 3590 831 3655 sub
855 3590 953 3655 finem
976 3590 1025 3668 „ad
1049 3589 1174 3675 ττρακέςιι
1196 3611 1253 3674 per
1278 3593 1444 3676 „superior
1465 3593 1572 3675 pars.“

252 3696 351 3759 Plinii
382 3694 479 3759 verba
516 3714 650 3776 „nervos
674 3696 857 3779 callumque
889 3701 920 3759 et
950 3696 1100 3759 articulos
1122 3697 1157 3757 in
1182 3698 1343 3779 superiore
1366 3694 1487 3759 habent
1510 3701 1605 3778 parte,

144 3800 302 3863 incisuras
337 3818 410 3863 vero
445 3798 570 3880 subter,
612 3807 649 3863 ut
683 3820 798 3863 manus
831 3801 1002 3881 humana‘,
1036 3818 1103 3862 non
1135 3801 1329 3883 respondent
1365 3798 1472 3863 verbis
1511 3799 1606 3864 Theo·

145 3905 278 3986 phrasti,
313 3905 369 3986 qni
403 3905 481 3968 haee
516 3903 607 3967 dicit:
645 3903 763 3986 „fibras
794 3905 881 3968 enim
911 3909 942 3968 et
964 3923 1063 3967 venas
1085 3904 1120 3965 in
1142 3902 1291 3967 inferiore
1313 3907 1402 3987 parte
1427 3900 1552 3968 habent
1572 3908 1606 3966 ut

145 4008 293 4088 manus“,
318 4027 425 4090 neque
448 4008 488 4070 ad
511 4009 600 4071 hunc
623 4007 806 4072 dissensum
829 4008 1005 4072 tollendum
1030 4007 1159 4088 sufficit,
1183 4007 1501 4090 quodSohneiderus
1525 4006 1607 4092 apud

144 4110 395 4195 Theophrastum
427 4118 500 4195 post
533 4109 571 4195 ,,ἡ
594 4109 679 4198 χείριι
709 4113 825 4176 adiecit
852 4110 906 4189 „rat
938 4106 1061 4197 dpdpa.“
1117 4111 1201 4175 Nam
1235 4117 1313 4175 tune
1347 4131 1413 4175 non
1446 4112 1607 4196 intellego,
1640 4170 1642 4195 ,

147 4217 234 4281 unde
269 4217 397 4280 Plinius
432 4217 560 4280 duxerit
593 4217 682 4278 illam
717 4216 996 4298 distributionem,
1031 4235 1113 4300 quae
1147 4217 1304 4299 superiori
1338 4217 1421 4299 parti
1455 4215 1610 4280 adtribuit
1640 4198 1642 4273 ί

148 4341 261 4386 nervos
284 4321 468 4403 callumque
501 4326 532 4384 et
554 4321 712 4403 articulos,
735 4319 878 4384 inferiori
902 4320 1089 4384 incisuras.“
1146 4320 1227 4384 Rem
1264 4320 1433 4403 diligenter
1467 4326 1610 4385 contem·
1640 4304 1642 4315 ¹

146 4426 232 4509 plato
254 4426 389 4489 rectiora
419 4426 498 4487 mihi
529 4425 690 4505 videntur,
722 4444 806 4508 quae
834 4424 963 4488 Plinius
996 4423 1138 4508 praebet,
1171 4429 1203 4488 et
1236 4424 1323 4507 apud
1355 4423 1610 4506 Theophrastum
1638 4458 1642 4513 j

148 4535 217 4614 post
239 4528 387 4616 ‚altae
410 4529 568 4592 nonnulla
591 4529 757 4594 excidisse.
815 4528 886 4605 Qua
908 4530 943 4592 in
966 4529 1083 4593 lacuna
1111 4530 1189 4592 haec
1217 4529 1283 4592 iere
1314 4528 1476 4592 exstitisse
1512 4534 1608 4612 puto:

146 4633 215 4710 ,,τάς
239 4632 291 4718 μὲν
313 4633 369 4718 γὰρ
390 4631 456 4705 ἶνας
478 4630 529 4697 καί
552 4633 663 4720 φλέβας
687 4633 798 4704 ἐντοῖς
823 4630 931 4705 ὑπτίαις
955 4631 1080 4720 ἔχουσιν,
1103 4630 1194 4696 τὰδὲ
1217 4627 1316 4717 ἄρίλρα
1337 4633 1367 4695 ἐν
1390 4631 1449 4702 τοῖς
1472 4631 1610 4717 apertae

145 4732 242 4822 ὥσπερ
264 4735 284 4822 ἡ
308 4735 401 4824 χείρ.“
