3292 5436
756 128 891 196 '100

130 343 347 407 Romanorum
383 344 609 405 accuratiorem
642 342 855 423 cognitionem
893 340 1037 402 homiues
1072 339 1177 422 adepti
1218 345 1329 402 essent
1367 343 1400 404 et
1431 341 1620 423 praecipue}

84 445 86 450 ’
134 446 257 512 ltaliam
281 447 382 529 ipsam
413 447 646 529 Theophrastus
677 465 740 508 non
766 451 829 507 tam
854 449 999 507 accurate
1023 449 1154 507 tractare
1178 444 1345 529 potuisset.
1392 443 1451 508 Sic
1474 422 1620 531 Pliniusj}

133 553 210 615 alios
233 553 421 635 posteriores
452 557 607 631 auctores,
639 552 694 634 qui
718 551 831 612 harum
855 555 1007 612 terrarum
1032 549 1156 631 plantas
1181 546 1412 631 describerent,
1450 548 1590 613 adhibere

135 660 265 719 6666166
304 661 378 719 6661.
438 654 526 730 Quae
560 675 632 718 cnm
668 656 712 717 116
746 659 870 734 666661,
906 653 1050 734 Plinius,
1088 674 1162 716 cum
1197 653 1368 717 consilium
1407 653 1449 718 de
1482 649 1588 737 plantis

132 760 292 824 scribendi
332 761 484 844 cepisset,
518 779 568 823 me
601 759 730 841 quidem
761 759 867 822 iudice
898 761 988 840 prius
1019 758 1221 841 Theophrasti
1259 757 1358 821 libros
1387 758 1536 822 excussit
1562 756 1613 849 etJ

133 866 293 948 excerpsit
324 869 364 946 et,
389 883 470 947 quae
493 870 705 947 excerpserat,
728 864 761 927 in
786 867 886 927 certas
907 866 1014 945 partes
1030 863 1203 945 distribuit,
1229 867 1273 944 61,
1297 882 1373 926 6666
1390 862 1432 926 de
1448 862 1588 926 arborum

136 974 249 1033 natura
273 970 306 1032 16
334 971 522 1033 universum
540 969 691 1061 loquitur,
716 969 898 1051 distinguit:
923 967 1008 1048 folia,
1030 966 1135 1050 flores,
1157 968 1440 1050 germinationem,
1463 967 1587 1048 fructm,

135 1074 314 1156 caudicem,
330 1093 445 1155 ramos,
458 1075 615 1155 corticem,
628 1074 777 1153 radicem,
790 1074 1010 1153 usunr,vitam,
1023 1071 1111 1148 talia;
1125 1077 1296 1155 praeterea,
1310 1091 1393 1156 quae
1407 1072 1448 1137 de
1462 1071 1589 1155 singuiis

135 1178 303 1263 arboribus
335 1175 570 1260 Theophrastus
605 1179 702 1259 dixit,
738 1177 883 1260 conlegit.
942 1175 1067 1240 Deinde
1101 1177 1178 1240 alios
1212 1184 1369 1260 auctores,
1404 1177 1588 1260 plerumque

136 1282 275 1363 LatinoS,
305 1282 451 1346 adhibuit
475 1288 568 1346 etex
592 1283 641 1345 his
665 1302 702 1345 ea
723 1286 890 1344 mutuatus
914 1286 970 1361 est,
995 1301 1076 1364 quae
1100 1283 1296 1345 accuratiora
1318 1281 1358 1345 de
1382 1281 1524 1364 singuiis
1545 1280 1588 1343 rei

136 1387 174 1450 de
197 1387 359 1451 universis
392 1386 559 1451 arboribus
587 1387 804 1470 praebuerunt
835 1406 930 1468 quam
954 1384 1188 1468 Theophrastus
1219 1405 1368 1469 quaeque
1395 1385 1590 1450 tradiderunt

136 1492 175 1554 de
198 1490 365 1554 arboribus
395 1490 1068 1582 61166616,66661116666616666666661,
1100 1495 1260 1573 praeterea
1282 1489 1444 1574 exempla,
1478 1507 1590 1574 quaec

106 1595 232 1659 ‘rebus
265 1594 420 1660 Romanis
458 1597 668 1679 conlegerant.
729 1595 818 1671 Quae
847 1613 889 1658 ex
917 1595 967 1657 his
998 1596 1168 1677 excerpsit,
1198 1595 1334 1658 inseruit
1362 1595 1412 1676 iis,
1444 1613 1529 1676 quae
1557 1611 1590 1655 ex

135 1700 348 1783 Theophrasto
379 1706 568 1786 sumpserat,
600 1705 635 1764 ut
658 1703 691 1762 in
716 1705 858 1764 extrema
881 1700 981 1761 nostri
1004 1697 1077 1762 libri
1109 1705 1208 1782 parte,
1241 1697 1298 1761 ubi
1322 1697 1453 1762 disserit
1477 1698 1591 1761 (16666

139 1810 170 1868 et
193 1804 231 1869 de
255 1806 320 1869 vita
344 1806 503 1889 arborum,
527 1808 729 1870 commiscuit
751 1803 957 1887 Theophrasti
981 1808 1011 1866 et
1028 1802 1169 1867 Vitruvii
1192 1802 1298 1867 verba.
1344 1801 1409 1866 Sed
1432 1803 1495 1865 1666
1515 1804 1589 1864 iure

139 1929 202 1972 non
239 1929 364 1993 semper
396 1908 603 1993 Theophrasti
641 1911 746 1993 166166
785 1908 882 1972 rerba
915 1909 1065 1987 retinuit,
1104 1908 1160 1972 sed
1198 1910 1225 1972 si
1264 1907 1349 1991 apud
1389 1908 1590 1991 posteriorem

137 2019 310 2096 auctorem,
349 2017 405 2098 qui
435 2022 559 2098 praeter
588 2033 634 2096 ea,
671 2032 753 2096 quac
784 2011 1018 2096 Theophrastus
1052 2013 1224 2078 tradiderat
1257 2011 1345 2095 (6666
1369 2012 1532 2076 elementa
1556 2009 1592 2072 rei

140 2118 302 2183 herbariae
333 2139 443 2184 omnes
479 2125 625 2183 auctores
658 2120 733 2181 huic
766 2115 946 2198 debebant),
977 2117 1077 2180 multo
1102 2118 1192 2200 plura
1213 2115 1371 2201 praebuit,
1404 2115 1593 2178 accuratiora

142 2225 181 2288 de
205 2225 313 2307 611666
336 2243 371 2288 66
393 2226 528 2304 invenit,
552 2226 631 2287 haec
656 2223 808 2285 universa
832 2239 925 2304 saepe
947 2220 1160 2304 Theophrasto
1183 2220 1328 2303 neglecto
1350 2222 1387 2284 in
1410 2218 1514 2283 libros
1530 2234 1594 2282 suos

144 2331 273 2412 6666611,
301 2330 337 2391 id
361 2330 447 2412 quod
471 2331 510 2392 iis
534 2329 611 2391 locis
633 2327 753 2390 factum
777 2344 846 2389 esse
869 2331 955 2406 puto,
985 2325 1052 2408 ubi,
1083 2328 1142 2391 etsi
1165 2326 1332 2407 nonnulla,
1367 2344 1451 2408 6666
1476 2323 1595 2387 Plinius

141 2432 281 2517 praebet,
315 2433 521 2516 Theophrasti
557 2431 663 2495 verbis
694 2430 895 2513 respondent,
929 2431 1082 2513 pleraque
1115 2436 1219 2494 tamen
1253 2429 1427 2494 traduntur
1461 2450 1481 2491 a
1509 2427 1596 2491 Theo·

146 2540 275 2622 phrasto
301 2539 415 2619 aliena,
438 2544 469 2601 et
491 2556 532 2601 ne
555 2557 590 2600 ea
616 2535 756 2618 quidem,
781 2554 862 2616 quae
885 2534 970 2618 apud
994 2539 1169 2617 utrumque
1191 2539 1385 2618 congruunt,
1410 2533 1598 2598 verbotenus

140 2645 227 2706 inter
260 2661 293 2705 66
326 2642 528 2725 respondent.
580 2640 701 2703 Partim
733 2640 832 2722 igitur
854 2638 980 2702 Plinius
1002 2637 1207 2722 Theophrasti
1237 2641 1338 2724 ipsius
1368 2637 1470 2704 verba
1502 2622 1619 2720 vertiti

144 2748 261 2831 partim
285 2767 341 2830 per
364 2746 505 2808 medium
532 2744 694 2826 quendam
719 2747 879 2805 auctorem
896 2745 1021 2827 recepit.
1066 2743 1177 2828 Ipsum
1194 2745 1449 2829 Theophrastum
1476 2720 1619 2809 secutusl

144 2869 213 2914 esse
237 2851 316 2912 milri
338 2849 465 2911 ridetur
489 2847 640 2911 omnibus
663 2849 703 2910 iis
726 2847 815 2927 lucis,
839 2845 894 2909 ubi
919 2848 1113 2913 verbotenus
1135 2850 1200 2914 fere
1224 2853 1408 2932 congruunt
1432 2850 1619 2932 utriusque*

145 2954 242 3018 rerba
266 2952 316 3017 rel
339 2972 441 3035 pauca
463 2958 601 3033 tanturn,
635 2971 716 3034 6666
739 2951 973 3034 Theophrastus
996 2973 1061 3017 non
1084 2953 1222 3037 praebet,
1252 2954 1376 3018 adiecta
1399 2959 1491 3036 sunt,
1516 2956 1601 3031 61661,

144 3077 217 3121 curn
250 3057 376 3120 Plinius
408 3057 446 3120 dc
476 3056 570 3135 161116,
600 3056 639 3118 616
671 3056 796 3136 6661166,
828 3057 932 3119 radice
964 3062 1021 3120 etc.
1048 3058 1183 3141 disserit,
1215 3077 1339 3142 semper
1365 3058 1432 3122 1666
1456 3058 1602 3122 66166666

149 3162 280 3224 nomina
305 3160 487 3222 intercalata
511 3164 597 3239 sunt,
629 3179 711 3241 quae
733 3159 967 3243 Theophrastus
998 3181 1063 3224 non
1091 3163 1230 3246 praebet,
1260 3163 1373 3247 partim
1405 3182 1448 3226 ne
1478 3165 1604 3227 novisse

149 3264 277 3347 quidem
300 3263 423 3345 potuit3
455 3265 639 3344 praesertim
667 3270 756 3345 tunc,
786 3284 858 3327 curn
890 3267 1041 3329 maiorem
1063 3265 1269 3351 Theophrasti
1297 3266 1456 3331 librorum
1486 3273 1604 3352 666166

149 3368 335 3430 continuam
370 3365 480 3429 eodem
516 3367 626 3431 ordine
654 3367 809 3449 reddidit,
844 3370 889 3431 616
925 3374 961 3433 ut
994 3374 1142 3453 cognosci
1175 3373 1275 3456 possit
1304 3369 1450 3435 Plinium
1486 3374 1543 3436 hio
1576 3376 1605 3436 61

147 3470 373 3554 gravissimum
409 3475 570 3535 auctorem
603 3472 852 3554 Theophrastum
896 3473 1079 3538 adhibuisse
1120 3479 1218 3550 etin
1253 3497 1308 3559 ea,
1352 3495 1438 3558 quae
1473 3497 1518 3541 ex
1554 3479 1605 3541 hoc

150 3578 317 3640 mutuatus
341 3574 391 3653 sit,
423 3574 579 3637 nonnulla
602 3594 642 3637 ex
667 3575 726 3637 alio
750 3581 879 3639 auctore
901 3579 1114 3642 intercalasse.
1159 3580 1212 3644 Sic
1244 3583 1280 3644 in
1301 3599 1425 3664 paragr.
1454 3582 1618 3661 ata-92,-

152 3679 207 3742 ubi
231 3678 271 3740 de
293 3675 377 3739 foliis
401 3676 553 3758 loquitur,
576 3678 712 3742 reddidit
733 3679 883 3764 Theophr.
907 3681 932 3756 1,
955 3682 984 3760 9,
1008 3684 1124 3765 3-1,
1149 3685 1200 3767 10,
1225 3687 1242 3748 1
1269 3685 1369 3750 61616
1397 3685 1548 3769 quidem,
1576 3691 1606 3750 61

152 3781 312 3847 interdum
336 3780 492 3843 nonnulla
515 3800 555 3843 ex
580 3783 649 3846 aliis
673 3790 800 3867 sumpta
823 3786 970 3868 adiceret,
993 3788 1048 3852 sed
1072 3789 1188 3854 deinde
1205 3808 1329 3874 semper
1344 3789 1385 3853 ad
1397 3788 1604 3874 Theophrasti

153 3886 248 3951 verba
270 3884 385 3947 rediret
408 3902 509 3967 66666
533 3886 716 3968 singiliatim
739 3894 880 3953 uerteret.

259 3987 378 4052 Eodem
403 3987 497 4050 modo
521 3992 711 4073 compositae
734 3997 809 4056 sunt
831 4013 952 4077 paragr.
975 3996 1162 4080 145-154,
1188 3997 1243 4062 ubi
1265 3988 1393 4062 Plinius
1417 3998 1551 4065 disserit
1573 4001 1604 4064 de

153 4094 267 4160 hedera
306 4097 336 4155 et
372 4092 502 4156 aruiiacc
536 4099 565 4156 et
593 4094 730 4158 reddidit
758 4095 908 4181 Theophr.
937 4099 998 4181 111,
1035 4102 1084 4184 18,
1112 4103 1250 4186 6-111,
1283 4103 1335 4185 18,
1363 4103 1420 4181 12;
1467 4111 1499 4170 61
1534 4107 1605 4170 61166

158 4199 230 4263 libri
254 4195 335 4260 XVI
358 4202 473 4279 666166,
496 4200 532 4260 61
555 4218 650 4280 66666
673 4199 893 4264 demonstrari.

260 4299 445 4363 Coniinnari
477 4301 553 4362 nrilri
578 4302 703 4366 videtur
731 4306 808 4368 haec
832 4309 1059 4392 sententiaeb,
1090 4312 1175 4394 quod
1199 4312 1351 4395 11616616,
1381 4332 1467 4396 quos
1493 4317 1551 4379 has
1571 4312 1604 4376 ob

157 4429 207 4473 res
230 4404 443 4488 'lircophrusto
474 4405 534 4486 ipsi
566 4404 671 4469 deberi
706 4411 873 4492 contendo,
903 4413 1032 4495 plurimi
1061 4417 1274 4480 inveniuntur
1304 4418 1327 4479 11
1351 4435 1488 4503 errores,
1521 4438 1603 4504 quos,

153 4533 225 4577 rum
254 4508 343 4573 nullu
368 4507 429 4571 6116
452 4526 484 4569 66
508 4507 569 4569 6161
593 4509 772 4591 ignorantia
795 4516 841 4578 rei
864 4516 1026 4582 herbariae
1049 4520 1100 4583 rel
1124 4520 1325 4604 neglegentia
1347 4523 1382 4584 in
1406 4524 1604 4610 perlegendis

153 4613 337 4683 auctoribus
369 4612 428 4674 orti
465 4611 537 4690 sint,
568 4612 624 4673 soli
649 4612 752 4676 Plinio
783 4617 931 4701 imputari
959 4641 1051 4704 posse
1079 4643 1176 4706 snpra
1206 4628 1285 4708 dixi,
1316 4645 1390 4690 cum
1421 4628 1499 4694 aliis
1527 4630 1605 4707 locis,

154 4721 274 4809 quibus
299 4737 360 4781 nou
386 4713 619 4799 'Theophrastus
651 4717 718 4799 1666
741 4728 851 4786 tutetur·
874 4722 969 4787 Plinii
994 4733 1067 4810 erat,
1095 4729 1149 4792 sed
1174 4733 1257 4795 alius
1281 4733 1426 4817 qnidam,
1466 4738 1527 4819 661
1548 4737 1606 4818 ipse
