3292 5436
809 106 850 170 79

86 313 146 363 τῶν
160 303 235 370 ὄζων.
264 284 355 365 Ἔοικα
374 311 402 365 δὲ
420 312 671 385 παραπλησίως
690 314 745 367 καὶ
765 310 805 373 ὡς

88 397 127 450 ἐν
151 401 223 456 τοῖς
248 397 361 456 λίθοις
386 398 584 470 ἐγγίνεσθαι
613 398 653 452 τὰ
679 397 804 454 καλοί-

89 503 178 554 pera
204 485 335 558 κέντρα.
378 480 436 539 Ὅτι
466 485 493 539 δὲ
520 481 538 557 ἡ
566 486 698 558 τερίιροσις
725 506 804 540 κοιτα-

88 566 224 642 λαμβάνει
253 567 314 629 aab<
338 565 426 634 ὄζους,
460 568 643 644 φανερώτατον
672 571 698 632 έξ
724 570 804 644 αὐτῆς

89 661 141 728 τῆς
162 653 316 728 αἰσθήσεως,
336 653 365 710 ου’
386 655 437 728 μὴν
457 655 524 711 ἀλλὰ
542 660 586 713 καὶ
605 660 634 712 ἐκ
650 663 703 711 τῶν
718 654 803 712 ἄλλων

90 749 145 797 τῶν
167 740 272 815 ίηιοίοιν.

162 852 189 905 4.
227 843 356 906 Πολλάκις
374 847 422 920 γὰρ
450 844 553 902 αὐτοῦ
578 854 636 903 τοῦ
660 850 803 922 δένδρον

89 930 804 1010 μέροςτισυνεληιρθηὺπὸθατέροοσομ-

88 1025 201 1095 quotie
227 1021 382 1092 γενομένου·
418 1022 463 1074 καὶ
493 1019 549 1074 έιίν
577 1042 626 1082 τις
654 1021 803 1097 ένθλοίση

88 1106 191 1161 λίθον
216 1109 265 1166 είς
289 1104 324 1159 τὸ
350 1108 490 1180 δένδρον
514 1104 532 1179 ἢ
557 1111 602 1162 καὶ
627 1104 690 1163 ἄλλο
709 1129 732 1163 τι
751 1130 802 1163 τοι-

88 1197 179 1257 οῦτον,
198 1190 409 1266 κατακρίττεται
433 1196 645 1269 περιληφθὲν
665 1193 804 1268 ὑπὸτῆς

86 1276 347 1354 περιφόσεως.’

198 1401 288 1467 Haec
320 1410 447 1486 sumpta
477 1424 547 1469 esso
583 1424 625 1468 ex
647 1405 860 1488 Theophrasto
889 1411 977 1488 puto,
1006 1406 1192 1488 praesertim
1209 1425 1297 1469 icum
1330 1407 1408 1470 falso
1431 1407 1565 1474 Plinius

50 1530 57 1535 ·
92 1524 259 1570 conexum
298 1510 530 1572 sententiarum
568 1509 767 1573 intellexerit.
827 1507 913 1571 Dicit
958 1511 1045 1573 enim
1082 1510 1333 1592 Theophrastus,
1380 1517 1554 1594 postquam

96 1611 282 1674 accuratius
306 1612 474 1695 descripsit
497 1614 609 1695 spiras,
632 1613 689 1675 has
712 1612 832 1675 similes
856 1632 926 1676 esse
948 1613 1051 1676 videri
1074 1615 1203 1694 centris,
1228 1633 1311 1696 quae
1334 1616 1368 1676 in
1391 1614 1555 1697 lapidibus

88 1715 309 1780 inveniantur.
357 1715 484 1780 Plinius
501 1717 550 1779 his
566 1735 608 1779 ex
624 1714 730 1778 vorbis
747 1718 825 1779 novi
841 1716 977 1799 aliquid,
1001 1718 1088 1799 quod
1109 1719 1144 1778 in
1160 1716 1329 1781 arboribus
1346 1719 1560 1802 inveniretur,

92 1817 158 1882 sibi
182 1817 278 1882 finxit
301 1823 332 1883 et
355 1820 446 1883 dicit:
480 1821 711 1902 „inveniuntur
738 1821 772 1882 in
804 1819 1009 1903 quibusdam,
1039 1822 1123 1884 sicut
1153 1822 1187 1882 in
1219 1840 1383 1902 marmore,
1417 1827 1555 1886 contrat

89 1921 202 1986 Verba
235 1923 288 2004 „id
322 1930 370 1988 est
405 1924 524 1988 duritia
556 1924 646 1987 clavo
678 1924 805 2005 similis,
839 1925 970 1987 inimica
1004 1925 1117 1988 serris“
1153 1925 1223 2006 ipse
1256 1924 1389 1989 fortasse
1424 1926 1560 2008 adiecit,

88 2031 235 2091 ceterum
257 2025 492 2110 Theophrastus
517 2046 647 2111 quoque
670 2027 747 2090 dicit
776 2031 899 2110 „spiras
922 2030 1036 2092 vitium
1061 2028 1232 2091 molestum
1255 2047 1325 2092 esse
1348 2035 1379 2092 et
1403 2030 1555 2095 difficiles·

88 2131 261 2194 mactatu‘t

160 2266 195 2334 V,
214 2270 239 2334 2,
257 2272 282 2324 4.
321 2264 406 2342 ὥσπερ
431 2272 475 2324 καὶ
493 2272 568 2344 περὶ
586 2268 641 2323 τὸν
660 2267 796 2323 κότινον

86 2355 186 2426 συνέβη
222 2353 279 2407 τὸν
310 2356 342 2409 έν
373 2353 560 2430 Μεγάροις,
596 2355 651 2408 τὸν
689 2357 721 2408 έν
757 2360 796 2428 τῇ

84 2445 212 2514 αγορᾷ·
256 2435 291 2494 οὗ
328 2443 373 2495 καὶ
409 2443 566 2503 έκκοπέντος
605 2439 721 2514 λόγιον
758 2438 796 2513 ἦν

87 2525 223 2581 ἁλῶναι
245 2529 302 2582 καὶ
326 2528 581 2601 διαρπασθῆναι
605 2527 665 2600 τὴν
684 2526 796 2582 πόλιν·

85 2610 198 2687 ὥσπερ
229 2615 365 2686 ἐγένετο
396 2653 506 2666 .....
535 2612 692 2688 Δημήτριος.
745 2611 796 2667 Ἐν

83 2697 201 2773 τούτῳ
219 2700 279 2774 γὰρ
299 2701 488 2774 διασχιζογιένιρ
514 2703 678 2772 κνημῖδες
703 2698 796 2775 εὑρέ-

84 2790 201 2860 θησαν
229 2789 286 2841 καὶ
314 2783 386 2840 ἄλλ’
408 2781 490 2841 ἅττα
517 2793 575 2859 τῆς
596 2784 711 2860 Ἀττικῆς
739 2808 797 2862 κερ-

85 2876 180 2948 μηστὶ,
208 2870 222 2928 θ
247 2875 313 2928 έστιν
339 2875 365 2928 έν
389 2877 499 2946 κοτίνῳ·
528 2869 563 2927 οὗ
593 2870 739 2946 ἀνετέθη
762 2873 798 2927 τὸ

922 2269 937 2335 ξ
958 2274 1017 2327 199.
1055 2268 1206 2336 Megaris
1225 2269 1284 2322 diu
1303 2270 1380 2323 stetit
1398 2270 1557 2326 oleaster

850 2355 885 2406 in
903 2355 990 2421 loro,
1009 2355 1122 2408 cuiviri
1141 2356 1221 2409 fortes
1239 2356 1433 2410 adfixerant
1450 2374 1560 2426 arma,

851 2456 917 2509 qnae
936 2441 1066 2494 cortice
1084 2441 1248 2495 ambiente
1267 2444 1338 2495 actas
1352 2441 1430 2511 longa
1441 2445 1556 2499 occulta·

851 2528 933 2591 verat,
960 2527 1098 2595 fuitque
1125 2527 1225 2581 arbor
1252 2526 1316 2581 illa
1343 2529 1468 2583 fatalis
1495 2547 1559 2583 ex*

850 2613 946 2667 cidio
988 2613 1087 2667 urbis
1129 2615 1360 2680 praemonitis
1397 2616 1554 2685 oracula,

851 2717 913 2754 cum
938 2700 1015 2754 arbor
1038 2715 1110 2753 arma
1135 2701 1291 2768 peperisset,
1320 2703 1409 2769 quod
1432 2703 1560 2757 succisae

851 2787 988 2840 accidit
1014 2787 1128 2841 ocreis
1155 2786 1339 2856 galeisque
1371 2789 1470 2843 intus
1502 2806 1555 2843 re·

852 2874 973 2941 pertis.

84 2966 225 3036 πρῶτον
245 2961 543 3032 έγκοιλασθέντος.

201 3083 291 3149 Certe
321 3088 469 3166 corrupta
500 3089 576 3146 sunt
607 3083 702 3146 verba
724 3082 932 3165 Theophrasti
960 3087 1029 3166 ,,της
1058 3080 1186 3166 Ἀττικῆς
1215 3079 1354 3168 κερμηστὶ
1386 3079 1401 3146 ὃ
1425 3082 1500 3148 ἔστιν
1524 3087 1560 3148 έν

88 3185 229 3272 κοτίνῳ“,
265 3207 347 3270 quac
382 3188 506 3250 codices
540 3187 699 3270 praebent.
759 3187 835 3250 Post
871 3183 1036 3270 ,,Ἀττικῆς“
1075 3187 1272 3251 desideratur
1313 3187 1553 3255 substantivum

86 3292 236 3376 aliquod,
258 3298 289 3355 et
309 3291 405 3356 verba
427 3288 585 3377 „aeppch
602 3286 617 3354 ὃ
633 3295 711 3354 κτλ.“
735 3310 833 3355 sensu
856 3292 987 3354 omnino
1011 3297 1126 3354 carent.
1173 3291 1258 3354 Gaza
1280 3293 1390 3355 vertit:
1417 3298 1470 3374 „et
1492 3293 1553 3356 alia

90 3396 253 3479 quaedam
277 3397 377 3459 Attici
408 3397 499 3478 ritus,
531 3403 619 3480 parte
650 3416 714 3478 qua
739 3397 883 3479 primum
914 3393 1012 3457 affixa
1033 3395 1122 3458 fuero
1145 3396 1185 3458 ad
1207 3415 1371 3459 ramorum
1395 3396 1555 3460 ambitum

88 3501 299 3564 concavata“.
345 3499 482 3563 Videtur
510 3502 609 3583 igitur
641 3500 758 3583 legisse
787 3504 856 3582 „rip
876 3497 1005 3583 Ἀττικῆς
1033 3496 1198 3584 ὲργασίας“,
1231 3500 1318 3582 quod
1342 3498 1562 3564 Schneiderus

89 3607 130 3668 in
158 3609 344 3668 contextum
368 3605 498 3686 recepit,
530 3612 634 3667 cetera
655 3604 751 3667 verba
774 3604 836 3667 loci
860 3605 959 3667 nostri
984 3603 1078 3686 plane
1102 3605 1219 3683 omisit,
1242 3609 1326 3666 recte
1349 3621 1400 3667 me
1424 3604 1557 3686 quidem

86 3707 212 3774 iudice.
256 3707 458 3777 Vocabulum
492 3703 670 3792 ,,κερμηστὶ“
697 3709 829 3771 fortasse
853 3714 1036 3790 corruptum
1066 3716 1177 3772 estex
1201 3704 1375 3793 ,,ἐργασίας“
1404 3714 1460 3771 ant
1482 3708 1559 3772 latet

87 3818 128 3878 in
156 3831 193 3875 eo
216 3809 402 3897 ,,κρεμαστοί“
426 3812 477 3875 vel
500 3812 589 3890 talia;
622 3811 719 3875 verba
741 3805 776 3888 „8
800 3808 875 3873 ἔστιν
899 3812 929 3873 ἐν
951 3808 1074 3896 κοτίνῳ“
1106 3830 1123 3876 e
1146 3813 1289 3894 margine
1311 3813 1346 3874 in
1369 3817 1560 3875 contextum

37 3992 39 3997 ¹
87 3917 271 3999 inrepsisse
305 3917 385 3978 mihi
420 3917 578 3979 videntur.
638 3916 795 3998 Adposita
833 3915 965 3978 fortasse
1006 3922 1095 3979 erant
1129 3936 1147 3978 a
1184 3916 1298 3979 lectore
1332 3916 1472 3998 quodam
1517 3917 1561 3979 ad
1631 3901 1633 3904 ⁵

86 4023 145 4100 ,,ἐν
168 4016 280 4104 τούτῳιι
309 4018 405 4097 ,,τοῦτ’
425 4018 499 4083 ἔστιν
523 4021 552 4082 ἐν
576 4015 706 4103 κοτίνῳ“,
738 4038 821 4101 qnae
849 4018 945 4082 verba
967 4027 1077 4101 postea
1106 4019 1274 4082 alibrario
1306 4021 1340 4082 in
1365 4027 1554 4084 contentum

84 4132 223 4208 recepta
246 4133 331 4188 sunt.

186 4245 368 4316 ,Praeterea
404 4246 520 4309 lacuna
558 4249 606 4308 est
643 4246 729 4328 apud
766 4244 1017 4327 Theophrastum
1063 4251 1136 4308 ante
1174 4242 1375 4329 ,,Δημη’τριος“
1416 4246 1451 4308 in
1491 4267 1562 4330 qua.

82 4349 263 4419 exstitisse
287 4348 403 4412 debent
425 4349 503 4412 haec
524 4348 605 4412 fere:
630 4343 698 4425 „bre
722 4348 782 4412 εἷλε
804 4348 855 4432 τὴν
878 4348 962 4412 πόλιν
985 4346 1169 4434 hqprirptoe‘t
1192 4348 1242 4411 vel
1266 4350 1390 4412 similia.

206 4470 290 4545 Quid
313 4471 434 4536 dehoc
457 4444 525 4534 loco
549 4470 662 4552 dicam,
692 4470 813 4533 dubito.
865 4469 1010 4539 Plinium
1038 4471 1090 4533 hic
1118 4469 1329 4552 Theophrasto
1359 4489 1456 4533 usum
1488 4490 1564 4535 esse

87 4575 262 4662 equidem·
286 4580 369 4638 certe
399 4581 491 4657 puto,
526 4575 581 4637 sed
612 4574 760 4638 dissentit
787 4572 825 4636 ah
856 4575 910 4637 illo
942 4576 976 4637 in
1006 4574 1143 4638 oraculo.
1194 4574 1428 4659 Theophrastus
1461 4575 1560 4639 dicit:

99 4676 298 4765 „oraculum
331 4685 398 4742 erat
425 4678 479 4741 illo
510 4677 642 4741 oleastro
679 4680 803 4741 succiso
833 4677 909 4760 fore,
939 4687 978 4741 ut
1006 4677 1084 4741 urbs
1115 4686 1279 4761 caperetur
1308 4684 1339 4742 et
1362 4678 1564 4761 diriperetur,
