3292 5436
798 218 923 283 ,68

176 426 284 497 πέφυκε.
320 423 417 500 Σχεδὸν
442 427 469 479 δέ
487 429 555 486 τινές
574 447 635 500 ροισι
653 428 709 480 καὶ
727 429 787 497 τῶν
806 426 879 497 λιμ-

176 512 279 564 ναίων
303 509 427 584 ταύτην
454 513 542 567 εἶναι
565 513 624 585 τὴν
644 510 825 586 διαφορὰν,
850 511 879 565 τὸ

151 656 154 661 ,
177 596 341 671 πολύφυλλον
360 602 405 652 καὶ
424 596 604 673 ὀλιγόφυλλον·
625 603 670 654 aod
687 599 718 654 τὸ
735 597 878 672 παρόμοιον

176 686 245 759 ἔχειν
263 683 360 759 τρόπον
383 684 441 740 τινὰ
464 685 493 740 τὸ
513 686 609 760 φύλλον
632 691 670 759 τῷ
691 692 737 741 τοῦ
757 687 879 760 κυπείρου

176 774 220 826 καὶ
240 771 310 846 pleb
325 775 370 827 καὶ
388 771 467 847 βρόυυ
485 777 530 829 καὶ
548 773 686 846 βουτόμου.

281 877 369 942 Haec
394 863 472 962 quin
497 900 539 944 ex
561 880 777 963 Theophrasto
801 878 929 943 Plinius
959 885 1127 942 mutuatus
1158 879 1209 959 sit,
1240 878 1319 940 mihi
1344 879 1477 960 quidem
1501 877 1613 941 dubiun

155 1000 241 1053 ¹non
278 988 333 1046 est.
390 983 453 1047 Sed
487 1003 562 1047 cum
597 985 749 1067 pleraque
786 983 979 1047 verbotenus
1013 983 1078 1046 fere
1112 982 1197 1065 apud
1232 988 1408 1065 utrumque
1444 987 1614 1065 congruant

177 1086 334 1149 nonnulla
357 1087 484 1151 Plinius
507 1089 631 1152 adiecit.
677 1088 715 1151 In
748 1107 881 1170 paragr„
896 1087 958 1151 164
988 1086 1116 1150 Plinius
1148 1105 1287 1150 csensu
1310 1085 1433 1148 addidit
1467 1085 1613 1167 „brevibus

143 1251 145 1255 ,
176 1190 366 1255 internodiis
466 1192 675 1274 maioribus“,
699 1213 774 1256 nam
797 1192 931 1275 adparet
954 1191 1123 1272 calamum,
1147 1192 1241 1254 cuius
1255 1191 1347 1274 plura
1363 1190 1544 1255 internodia
1559 1192 1614 1263 sint,

176 1291 321 1358 breviora
351 1296 479 1377 habere,
511 1299 606 1360 cuius
634 1299 763 1378 rariora,
794 1298 923 1360 maiora.
979 1295 1067 1371 Quae
1100 1294 1160 1359 sub
1189 1295 1287 1359 finem
1317 1296 1415 1358 huius
1445 1292 1614 1378 paragraphi

175 1397 304 1462 Plinius
339 1400 415 1462 dicit
452 1401 491 1464 de
526 1401 647 1464 calamo
683 1400 905 1483 Orchomenio,
941 1420 1037 1484 quem
1072 1401 1230 1464 auleticon
1260 1403 1385 1482 vocent,
1421 1399 1509 1481 apud
1537 1398 1615 1460 Theo

175 1503 341 1585 phrastum
373 1524 535 1587 nusquam
566 1507 686 1568 inveni.
740 1504 856 1569 Verbis
884 1504 1090 1588 Theophrasti
1121 1502 1154 1581 „d
1183 1501 1215 1567 δὲ
1245 1502 1361 1589 στερεὸς
1391 1499 1441 1566 καὶ
1467 1499 1615 1586 συμπλήρης

176 1613 299 1691 μικρο6“
330 1610 525 1691 respondent
547 1609 647 1672 Plinii
670 1610 768 1674 verba
799 1617 868 1692 „est
891 1611 973 1673 alius
996 1610 1148 1672 crassiore
1171 1609 1259 1691 ligno
1283 1614 1314 1672 et
1336 1609 1427 1671 tenui
1451 1604 1613 1669 foramine‘t

175 1709 258 1774 Nam
289 1713 447 1794 harundo,
479 1733 562 1797 quae
593 1720 658 1778 tota
687 1715 753 1778 fere
782 1715 900 1796 repleta
929 1719 977 1777 est
1008 1712 1189 1798 (συμπλήρης
1220 1717 1323 1797 μικροῦ
1354 1731 1397 1774 sc.
1421 1710 1503 1791 δεῖν),
1536 1715 1614 1773 tenue

176 1814 318 1879 foramen
341 1817 445 1881 hahet.
491 1816 580 1892 Quae
605 1823 759 1882 secuntur
783 1819 821 1881 de
844 1819 982 1901 fungosa
997 1818 1136 1881 medulla
1153 1818 1239 1880 unde
1255 1824 1423 1880 mutuatus
1439 1817 1482 1879 sit
1495 1814 1614 1889 Plinius,

176 1923 294 1984 nescio.
342 1920 460 2002 Cetera,
484 1941 567 2004 quae
590 1923 624 1983 in
647 1942 769 2006 paragr.
790 1921 850 1985 165
874 1920 1001 1984 Plinius
1023 1919 1162 2004 praebet,
1185 1921 1398 2003 Theophrasto
1422 1918 1525 1984 debet.
1568 1913 1615 1980 Sed

175 2024 236 2088 sub
259 2025 357 2088 finem
379 2044 500 2106 vereor,
524 2033 562 2088 ut
575 2025 782 2109 Theophrasti
804 2024 902 2089 verba
924 2030 1008 2089 recte
1024 2025 1226 2088 intellexerit.
1266 2023 1365 2107 Apud
1381 2024 1615 2107 Theophrastum

175 2132 260 2193 enim
282 2131 438 2212 legimus:
473 2129 667 2210 „Calamum
697 2132 754 2213 qui
776 2136 908 2194 vocetur
931 2130 1050 2210 donax,
1080 2131 1250 2212 praecipue
1273 2129 1416 2192 humidis
1439 2128 1520 2191 locis
1542 2123 1613 2189 nasei

175 2236 229 2312 (sc.
254 2234 454 2296 contendunt
485 2234 662 2313 nonnulli);
695 2236 730 2295 in
759 2235 847 2296 omni
875 2240 982 2297 autem
1013 2235 1126 2296 calami
1153 2253 1269 2317 genere
1296 2233 1437 2296 multum
1470 2234 1628 2307 interesse·

175 2345 284 2400 utrum
316 2337 457 2400 calamus
486 2338 521 2398 in
551 2337 683 2420 aquosis
712 2357 752 2399 an
782 2339 817 2399 in
840 2339 934 2401 siccis
956 2337 1035 2402 locis
1059 2341 1237 2419 nascatur“,
1269 2358 1342 2402 cum
1366 2338 1497 2401 Plinius
1530 2335 1615 2398 dicat:

177 2443 302 2522 „donax
324 2460 390 2505 non
414 2443 476 2505 nisi
499 2443 533 2504 in
558 2443 715 2524 aquaticis
738 2448 846 2520 natus,
876 2438 1029 2525 quoniam
1053 2443 1184 2506 ethaeo
1207 2443 1383 2507 differentia
1407 2446 1469 2523 est,
1498 2439 1615 2503 multum

174 2547 313 2630 praelata
336 2546 526 2626 harundine,
559 2565 641 2629 quae
671 2547 705 2608 in
738 2548 832 2610 siccis
861 2548 1057 2629 proveniat‘.
1103 2546 1264 2630 Equidem
1294 2566 1359 2610 non
1382 2552 1462 2629 puto
1487 2543 1614 2607 Pliniun

174 2653 226 2714 hic
249 2672 268 2714 a
289 2650 497 2733 Theophrasti
519 2649 626 2714 verbis
650 2650 842 2732 discessisse,
866 2657 902 2713 ut
924 2670 966 2714 ex
988 2652 1091 2735 ipsius
1115 2653 1248 2714 scientia
1263 2651 1315 2717 vel
1332 2649 1515 2713 secundum
1530 2648 1613 2710 aliun

175 2762 338 2819 auctorem
371 2755 552 2837 explicaret,
580 2759 653 2817 utra
675 2755 821 2817 harundo
844 2755 955 2817 melior
978 2760 1061 2819 esset
1089 2791 1133 2800 —
1163 2759 1303 2818 ceterum
1326 2773 1392 2816 non
1414 2759 1540 2817 rectum
1562 2764 1616 2816 eset

174 2860 255 2922 mihi
278 2860 405 2922 videtur
427 2859 644 2922 harundinem
666 2861 699 2920 in
725 2860 818 2922 siccis
842 2863 949 2921 natam
974 2861 1138 2922 meliorem
1162 2878 1232 2922 esse
1255 2878 1302 2940 ea,
1326 2859 1470 2941 quaein
1493 2854 1618 2920 humidis

67 3017 70 3020 .
173 2965 252 3028 locis
280 2970 432 3027 nascatur
462 2999 515 3043 —,
550 2963 604 3027 sed
637 2964 715 3025 mihi
744 2982 932 3046 persuasum
966 2967 1014 3026 est
1045 2962 1189 3026 Plinium
1221 2964 1273 3026 hic
1301 2962 1512 3045 Theophrasti
1541 2958 1622 3024 verba

173 3070 378 3152 neglegenter
411 3069 527 3151 legisse
562 3069 672 3149 itaque
706 3088 742 3132 eo
777 3067 953 3131 adductum
987 3087 1074 3148 esse,
1111 3075 1148 3130 ut
1182 3069 1334 3132 extremis
1367 3064 1476 3130 verbis
1508 3063 1623 3129 omissis

173 3178 309 3238 verteret
332 3178 475 3236 tantum:
506 3170 681 3257 „Arape'pew
704 3170 731 3235 δ’
746 3169 826 3257 ὅμως
850 3171 956 3244 παντὸς
979 3170 1114 3256 καλάμου
1138 3170 1212 3235 πολὺ
1235 3173 1283 3235 τὸν
1307 3174 1337 3235 ἐν
1359 3176 1401 3256 τῷ
1421 3175 1528 3256 ἱηρῷιι,
1555 3166 1635 3254 quod.

175 3279 401 3361 interpretatus
424 3283 491 3340 est:
526 3276 584 3359 „In
608 3279 696 3340 omni
719 3278 830 3341 calami
855 3295 970 3360 genere
993 3279 1094 3341 multo
1118 3277 1229 3340 melior
1251 3280 1299 3340 est
1321 3277 1360 3356 is,
1391 3277 1449 3359 qui
1486 3274 1628 3367 insistis

175 3384 349 3445 nasciturl‘.

278 3485 384 3548 Etiam
418 3492 483 3550 tota
513 3487 576 3550 fere
606 3506 728 3569 paragr.
755 3486 817 3550 166
850 3506 892 3550 ex
923 3486 1135 3570 Theophrasto
1170 3485 1305 3548 fluxisse
1341 3484 1480 3547 videtur.
1534 3481 1632 3549 Verba

179 3589 394 3672 „longissimis
418 3591 627 3654 internodiis“
652 3591 846 3674 respondent
868 3590 1076 3675 Theophrasti
1099 3589 1254 3653 vocabulo
1277 3585 1495 3672 ,,ὀλιγο’νατος“,
1520 3589 1632 3674 quade

176 3712 210 3757 re
233 3695 296 3756 iam
320 3714 418 3776 supra
442 3695 519 3756 dixi.
572 3694 612 3756 In
644 3695 695 3775 iis,
726 3713 808 3778 quae
838 3699 1002 3776 secuntur,
1032 3693 1160 3758 Plinius
1190 3693 1397 3776 Theophrasti
1426 3693 1529 3757 verba
1560 3691 1633 3757 mole

174 3798 328 3861 confudit.
388 3796 473 3862 Dicit
511 3800 598 3861 enim
630 3796 882 3883 Theophrastus:
920 3799 1028 3882 „llolia
1061 3799 1253 3864 differentias
1283 3797 1406 3861 faciunt
1435 3803 1507 3860 non
1537 3798 1632 3862 solon

175 3902 383 3966 multitudine
408 3909 438 3966 et
460 3903 695 3985 magnitudine,
718 3903 774 3967 sed
799 3905 893 3967 etiam
917 3904 1032 3984 colore,
1055 3922 1130 3965 cum
1153 3905 1240 3966 varia
1263 3903 1328 3965 sint
1344 3901 1459 3965 calami
1476 3899 1631 3979 Laconici,

176 4012 338 4089 praeterea
373 4009 438 4069 situ
473 4013 570 4089 atque
605 4007 746 4089 adnexu,
782 4027 857 4070 cunr
890 4006 1049 4071 nonnulla
1085 4006 1200 4070 calami
1234 4025 1352 4089 genera
1385 4004 1425 4068 ab
1453 4005 1525 4070 ima
1555 4012 1632 4092 parta

179 4109 370 4174 densissima
393 4111 531 4175 habeant
553 4112 656 4175 folia“.
713 4111 802 4176 Haec
832 4110 960 4175 Plinius
990 4113 1192 4174 commiscuit
1222 4117 1253 4175 et
1282 4112 1378 4174 etiam
1404 4109 1482 4174 folia
1513 4110 1555 4175 ab
1579 4112 1631 4172 iun

175 4220 264 4297 parte
296 4215 486 4278 densissima
515 4217 677 4280 transtulit
708 4216 747 4279 ad
776 4215 951 4280 Laconicos
982 4217 1129 4279 calamos.
1177 4214 1266 4290 Quae
1295 4215 1356 4279 sub
1384 4213 1486 4278 finem
1511 4214 1630 4279 Plinius

177 4318 265 4400 dicit,
288 4319 375 4402 apud
396 4319 649 4404 Theophrastum
672 4340 735 4384 non
759 4323 881 4403 inveni,
904 4323 962 4404 qui
985 4320 1062 4383 dicit
1085 4325 1211 4383 tantum
1236 4321 1313 4383 lolia
1330 4338 1399 4383 esse
1416 4319 1541 4384 similia
1554 4318 1628 4384 foliis

179 4425 296 4506 cyperi,
330 4424 436 4506 phleo,
471 4423 553 4505 bryi,
589 4423 720 4488 butomi.
777 4426 922 4490 Fortasse
959 4425 1086 4489 Plinius
1128 4425 1354 4488 accuratiorem
1390 4422 1628 4508 descriptionem

177 4527 324 4591 foliorum
348 4528 480 4592 aliunde
504 4532 648 4613 sumpsit.

245 4645 294 4714 IV,
318 4652 364 4713 11,
392 4654 432 4705 13.
478 4648 579 4711 Γένος
609 4651 643 4704 δέ
672 4671 696 4705 τι
724 4649 880 4723 καλάμου
1003 4652 1096 4719 5167.
1132 4649 1238 4702 Estet
1256 4649 1365 4718 obliqua
1380 4647 1557 4719 harundo,
1576 4658 1627 4702 no!

177 4729 268 4805 φύεται
291 4737 335 4789 καὶ
353 4737 471 4809 ἐπίγειον,
495 4734 508 4792 b
533 4735 592 4792 oda
615 4739 662 4799 εἰς
687 4735 783 4813 ὀρθὸν
809 4735 877 4793 ἀλλ’
934 4737 969 4792 in
992 4735 1244 4791 excelsitatem
1268 4751 1426 4805 nascent,
1453 4737 1519 4793 sed
1542 4736 1626 4792 inxit

176 4820 230 4874 ἐπὶ
256 4827 315 4894 γῆς
343 4819 463 4898 ἀφίησι
495 4821 550 4879 τὸν
578 4824 719 4893 καυλὸν,
752 4822 835 4900 ὥοπερ
862 4823 880 4898 ἠ
935 4827 1061 4878 terram
1083 4823 1191 4878 fruticis
1213 4824 1292 4879 mode
1315 4838 1557 4894 sespargerm,
1578 4837 1625 4880 sut·
