3188 5206
735 291 776 356 79

13 494 159 560 ,τῶνίζων
188 494 281 555 'Eam
298 499 328 553 δὲ
345 499 597 572 παραπλησίως
615 500 671 553 καί
689 496 730 558 ὡς

30 589 148 645 ἐντοῖς
172 585 288 644 λίθοις
311 584 510 657 ἐγγίνεσθαι
538 583 578 638 τὰ
604 583 731 639 καλου-

32 693 102 746 ρενα
127 674 261 746 κέντρα
303 660 362 727 Ὅτι
391 672 420 726 δὲ
446 667 464 743 ἡ
491 672 624 745 περίρυσις
650 691 730 726 κατα-

32 757 148 833 λαμβάνει
177 756 240 817 τοδς
264 752 353 821 ὄζους,
385 754 569 831 ρανερσίτατον
597 757 624 818 ἐξ
649 756 730 829 αὐτῆς

34 852 71 919 τῆς
87 842 241 917 αἰσθήσεως,
261 840 292 898 οδ
311 843 363 916 μὴν
383 841 512 898 ἀλλὰκαὶ
531 846 560 898 ὲκ
575 840 730 898 τῶνᾶλλων

35 939 76 988 σιἰν
92 930 198 1005 δροίοιν.

90 1042 114 1094 4.
151 1031 284 1093 Πολλάκις
299 1034 349 1107 γὰρ
375 1030 479 1088 αὐτοῦ
504 1040 562 1088 τοῦ
585 1036 729 1108 δένδρου

38 1126 123 1197 ρὲρος
139 1142 172 1176 τι
191 1117 389 1193 συνελήφθη
408 1117 468 1175 ὑπὸ
486 1121 634 1195 θατέρου
653 1142 730 1194 συμ-

39 1215 127 1285 ιρυοῦς
151 1209 308 1282 γενομένου·
344 1209 389 1260 καί
419 1204 475 1261 ἐσίν
503 1228 552 1268 τις
580 1207 729 1283 ἑνθλσίσῆ

41 1295 118 1350 λίθον
141 1297 190 1355 είς
214 1291 251 1347 τὸ
276 1295 416 1367 δένδρον
440 1291 458 1366 ἢ
483 1297 528 1348 καὶ
553 1289 616 1348 ἄλλο
634 1315 659 1348 τι
677 1315 729 1348 τοι·

42 1386 108 1447 eirea,
124 1378 336 1453 aaraape'nterar
359 1381 571 1455 περιληφθὲν
591 1378 730 1453 ὑπὸτῆς

41 1466 245 1542 τιριρίσεως.
270 1463 273 1467 ’

126 1590 214 1655 Haec
245 1597 374 1674 sumpta
404 1610 474 1655 esse
509 1610 550 1654 ex
572 1591 785 1674 Theophrasto
816 1595 903 1674 puto,
932 1593 1118 1675 praesertim
1150 1612 1224 1656 cum
1257 1594 1336 1658 falso
1359 1595 1491 1662 Plinius

23 1712 185 1758 ·eonexum
223 1696 456 1759 sententiarum
494 1695 693 1758 intellexerit.
752 1692 840 1757 Dicit
884 1697 971 1758 enim
1008 1696 1261 1779 Theophrastum
1308 1708 1481 1783 postquam

54 1800 208 1862 accuratius
232 1799 401 1883 descripsit
423 1800 535 1882 spiras,
558 1798 615 1861 has
639 1797 759 1861 similes
782 1817 852 1862 esse
875 1799 978 1862 videri
1001 1802 1130 1881 centris,
1155 1820 1238 1883 quae
1261 1803 1296 1863 in
1319 1802 1483 1885 lapidibus

49 1900 236 1967 inveniantur.
283 1903 411 1966 Plinius
426 1903 477 1966 his
493 1921 535 1966 ex
550 1901 656 1965 verbis
673 1903 751 1965 nori
767 1902 904 1985 aliquid,
928 1903 1016 1986 qnod
1035 1905 1070 1966 iu
1087 1903 1256 1968 arboribus
1274 1906 1484 1975 inveniretur.

52 2003 97 2068 sibi
114 2005 204 2071 finxit
227 2011 259 2071 et
281 2007 373 2070 dicit:
406 2007 637 2089 „inveniuntur
666 2007 699 2068 in
731 2005 935 2089 quibusdam,
965 2009 1049 2070 sicut
1080 2009 1114 2069 in
1147 2028 1311 2077 marmore.
1344 2018 1482 2073 centnm&

50 2107 132 2173 Verba
161 2111 214 2192 „id
248 2117 297 2175 est
332 2111 451 2174 duritia
482 2110 572 2173 clavo
604 2110 731 2189 similis,
765 2111 897 2173 inimica
930 2111 1044 2174 serris‘
1080 2111 1149 2194 ipse
1183 2111 1316 2176 fortasse
1351 2114 1487 2195 adiecitp

50 2218 161 2278 ceterum
183 2214 418 2298 Theophrastus
443 2232 573 2298 qnoque
596 2213 673 2276 dicit
702 2216 825 2296 „spiras
849 2216 963 2277 vitium
988 2215 1158 2278 molestum
1181 2234 1252 2279 esse
1275 2223 1306 2280 et
1329 2218 1476 2283 difficiles

51 2320 186 2382 haobtu“.

99 2453 208 2522 V,2,4.
248 2452 333 2529 ὥσπερ
357 2452 723 2530 καίπερίτδνκότινον
848 2456 944 2521 §lee
982 2455 1307 2522 MegariSdiustetit
1325 2459 1484 2514 oleaster

53 2541 121 2612 σινέβῆ
149 2543 205 2596 τὸν
237 2544 270 2596 ἐν
300 2540 486 2616 Μεγάροις,
523 2539 579 2595 τὸν
616 2542 648 2594 ἑν
684 2547 723 2615 τῆ
776 2541 1485 2613 infore,cniririfortesadsrxerantarma,

51 2633 141 2700 αγορῆι·
182 2623 218 2684 οὗ
254 2630 300 2682 καί
336 2629 493 2689 ἑκκατέντος
532 2626 648 2700 λόγιον
685 2624 722 2699 ῆν
777 2627 1482 2699 qnaecorticeambienteaetaslongaocculta·

53 2705 150 2769 ίλίιναι
172 2718 228 2770 καί
253 2715 508 2788 διαρπασθῆναι
532 2713 591 2787 τῆν
610 2713 723 2768 πόλιν·
777 2716 860 2780 reret,
887 2713 1025 2782 fuitque
1052 2715 1152 2769 arbor
1178 2714 1243 2769 illa
1270 2717 1395 2770 fatalis
1422 2735 1482 2771 ex·

51 2791 128 2875 ὥσπερ
156 2803 292 2875 ἐγένετο
461 2799 619 2875 Δηρῆτρισς.
672 2798 723 2855 Ἐν
777 2801 873 2854 cidio
914 2801 1014 2854 urbis
1056 2802 1288 2869 praemonitis
1324 2805 1481 2871 oraculo,

10 2916 15 2921 -
51 2883 131 2961 τοίτιρ
146 2889 206 2963 γὰρ
225 2889 415 2964 διασχιζορένῳ
441 2890 604 2960 κνημῖδες
630 2885 723 2963 εὗρέ·
778 2905 840 2942 eum
865 2888 942 2943 arbor
965 2903 1037 2941 arma
1062 2889 1219 2956 peperisset,
1247 2891 1336 2958 quod
1360 2891 1483 2946 succisae

10 3028 12 3033 ,
52 2969 131 3043 θησαν
155 2978 213 3030 καὶ
241 2971 313 3030 ἄλλ’
335 2970 417 3028 ἅττα
444 2980 502 3047 τῆς
523 2971 639 3047 Ἀττικῆς
665 2996 724 3049 κερ-
778 2975 915 3029 accidit
941 2975 1056 3029 ocreis
1083 2974 1267 3045 galeisque
1299 2978 1397 3032 intus
1428 2994 1482 3032 re·

10 3084 12 3089 ·
52 3063 114 3129 ptari,
137 3059 150 3116 δ
173 3065 241 3117 ἔστιν
266 3063 293 3116 έν
316 3065 426 3134 κοτίνῳ·
455 3057 490 3115 οὗ
520 3057 666 3134 ἀνετέθη
690 3061 725 3115 τὸ
779 3063 900 3128 pertis,

10 3142 18 3199 ἶ
51 3152 152 3216 πρῶτον
171 3149 470 3222 ἐγκοιλασθέντος.

131 3273 217 3338 Certe
248 3277 397 3355 corrupta
428 3277 503 3334 sunt
535 3271 629 3334 verba
651 3270 858 3352 Theophrasti
887 3273 956 3351 ,,τῆς
985 3266 1113 3352 Ἀττικῆς
1142 3268 1281 3355 κερμῆστί
1313 3267 1328 3334 δ
1353 3271 1428 3336 ἔστιν
1452 3275 1486 3337 ἐν

10 3368 17 3417 .··
54 3371 156 3461 ισιίνῳ“,
191 3395 275 3462 quae
309 3376 434 3439 codices
468 3375 627 3460 praebent.
686 3374 762 3438 Post
798 3371 962 3456 ,,Ἀττικῆς“
1002 3374 1199 3437 desideratur
1240 3374 1481 3441 substantivum

10 3512 13 3517 ·
40 3470 162 3565 aliquod,
185 3486 216 3545 et
235 3480 333 3545 verba
354 3477 512 3565 „acppaeri
529 3475 544 3542 δ
561 3484 639 3542 κτλ.“
663 3497 761 3543 sensu
784 3480 914 3542 omnino
938 3484 1053 3540 carent.
1100 3478 1185 3541 Gaza
1208 3481 1317 3542 vertit:
1345 3488 1397 3561 „et
1420 3482 1481 3544 alia

20 3600 24 3605 ·
57 3585 179 3658 qudam
203 3586 304 3649 Attici
334 3586 427 3667 rituS,
458 3591 547 3669 parte
578 3604 641 3667 qua
668 3586 810 3669 primurn
842 3581 939 3645 affixa
961 3581 1049 3645 luere
1073 3582 1112 3645 ad
1135 3602 1299 3646 ramorum
1323 3583 1482 3648 ambitum

10 3758 19 3771 b
56 3690 226 3754 conavam‘t
272 3688 410 3752 Videtur
438 3691 537 3773 igitur
569 3690 686 3772 legisse
715 3693 784 3772 ,,τῆς
804 3686 933 3771 Ἀττικῆς
962 3683 1125 3772 oppetes,
1159 3687 1246 3769 quod
1270 3685 1489 3752 Schneiderus

10 3796 20 3891 ’ζ
55 3783 79 3848 in
96 3799 272 3859 contextum
297 3795 426 3876 recepit,
459 3798 561 3856 cetera
583 3792 679 3856 rerba
702 3793 763 3855 loci
788 3794 888 3855 nostri
912 3793 1006 3876 plane
1030 3792 1146 3872 omisit,
1170 3797 1254 3855 recte
1277 3809 1327 3853 me
1352 3791 1484 3873 quidem

10 3894 29 3981 Ἰ
54 3887 140 3959 iudice.
182 3897 387 3967 Vocabulum
420 3892 597 3981 ,,κτρρῆστί“
624 3896 757 3957 fortasse
781 3903 964 3977 corruptum
995 3904 1042 3960 est
1065 3917 1106 3960 ex
1129 3892 1302 3980 ,,ἐργσσίας“
1332 3902 1388 3958 aut
1410 3895 1486 3960 latet

18 4062 25 4067 .
54 3992 78 4055 in
94 4017 124 4062 eo
143 3999 330 4087 ,,κρεμαστσί“
354 4002 405 4065 vel
428 4001 517 4079 talia;
550 3999 646 4063 verba
669 3992 703 4075 „d
728 3994 803 4059 ἔστιν
826 3999 857 4059 ἐν
878 3994 1002 4082 κοτίνῳ“
1034 4019 1051 4062 e
1073 4001 1217 4080 margine
1239 4000 1273 4059 in
1297 4004 1486 4063 contextum

31 4095 198 4186 inrepsisse
233 4106 313 4168 mihi
348 4105 506 4169 videntur.
566 4103 722 4185 Adposita
761 4100 892 4164 fortasse
934 4110 1023 4164 erant
1056 4123 1074 4164 a
1110 4102 1225 4165 lectore
1260 4103 1399 4184 quodam
1445 4105 1488 4168 ad

55 4200 89 4273 σθ
104 4207 208 4294 τοίτιρ“
237 4207 334 4286 ,,τσδτ’
353 4207 427 4272 ἔστιν
451 4210 481 4271 ἐν
504 4203 633 4290 analaph
666 4223 748 4288 quae
776 4202 872 4267 verba
894 4212 1004 4286 postea
1034 4225 1052 4267 a
1075 4204 1202 4268 librario
1233 4206 1268 4267 in
1293 4214 1482 4272 contextum

18 4309 19 4312 ’
55 4318 151 4394 recepta
173 4323 259 4378 sunt.

120 4434 297 4503 Praeterea
333 4434 449 4498 lacuna
487 4438 534 4496 est
571 4432 657 4515 apud
694 4429 944 4512 Theophrastum
990 4437 1064 4494 ante
1102 4427 1303 4513 ,,Δημῆτρισς“
1344 4433 1379 4494 in
1420 4453 1489 4516 qua.

29 4528 35 4535 ⁶
57 4537 191 4604 nutasse
215 4537 332 4602 debent
354 4539 432 4601 haec
454 4538 534 4601 fere:
558 4531 626 4612 „bra
650 4534 710 4597 εἷλε
732 4533 783 4616 τῆν
806 4532 890 4596 πόλιν
913 4532 1096 4618 Δῆρῆτριοςίί
1120 4533 1171 4597 vel
1193 4535 1318 4597 similia.

137 4658 219 4735 Quid
242 4660 363 4725 dehoc
387 4634 454 4722 loco
478 4659 590 4738 dicam,
621 4655 741 4719 dubito.
794 4652 938 4721 Plinium
966 4655 1017 4717 hic
1045 4654 1257 4737 Theophrasto
1286 4675 1384 4720 usum
1416 4676 1491 4722 esse

62 4761 184 4836 equidem
216 4772 299 4828 certe
329 4771 421 4847 puto,
455 4761 510 4824 sed
541 4761 688 4824 dissentit
715 4757 754 4821 ab
784 4757 838 4820 illo
871 4759 904 4820 in
934 4758 1071 4822 oraculo.
1122 4759 1356 4844 Theophrastus
1389 4760 1487 4826 dicit:

32 4878 49 4893 '¹
70 4868 227 4936 „naculum
261 4876 326 4932 erat
355 4867 409 4928 illo
439 4865 572 4928 oleastro
608 4865 732 4927 succiso
762 4861 838 4943 fore,
868 4872 906 4926 ut
934 4861 1012 4927 urbs
1042 4870 1207 4947 caperetur
1236 4870 1267 4928 et
1290 4865 1492 4950 diriperetur,
