3292 5436
844 179 886 244 22

209 377 259 446 IX,
272 383 297 447 2,
313 385 336 437 1.
356 377 499 453 ἀρελκοῦσι
512 383 560 454 γὰο
580 385 625 439 καὶ
641 382 688 444 τὰς
701 384 853 458 τερμίνθους
976 386 1035 452 „sic
1063 387 1090 439 et
1119 382 1149 439 iri
1178 387 1255 454 Syria
1286 387 1436 442 terebintho
1468 387 1617 440 detrahunt

140 466 167 517 ἐν
187 462 291 539 ἀμφοῖν,
310 469 354 521 καὶ
374 469 401 520 ἐν
420 473 457 540 τῷ
473 471 590 545 στελέχει
611 472 656 524 καὶ
670 473 763 530 ἐντοῖς
777 466 852 543 dape·
905 471 1028 539 eortius,
1045 472 1084 525 ibi
1104 473 1213 540 quidem
1235 474 1263 527 et
1280 489 1294 526 e
1312 472 1395 526 ramis
1414 490 1444 526 ao
1463 473 1617 541 radicibu8‚

141 548 224 622 μόσιν.
260 552 317 608 Αίεὶ
342 556 370 609 δὲ
388 557 485 609 πλείων
513 560 558 610 καὶ
582 557 693 628 βελτίων
719 554 736 629 ἠ
762 559 797 617 είς
821 556 851 612 τὸ
904 574 967 612 oum
985 558 1073 612 rosina
1091 558 1231 612 damnetur
1249 576 1284 612 err
1301 560 1345 612 his
1364 559 1514 627 partibus‚“

141 639 263 714 στέλεχος
284 644 428 714 συρρέουοα
446 648 493 714 τῆς
511 645 547 704 είς
565 642 627 702 τοὺς
649 641 803 718 ἀκρεμόνας.

211 727 275 794 §T
329 726 425 782 Καίτοι
459 732 522 802 puel
557 733 601 784 καὶ
631 729 678 804 τὴν
709 730 846 804 τέρμινθον

140 815 368 868 πιττοκαοτεῖσθαι
387 817 446 888 περὶ
464 814 567 890 Συρίαν.

207 899 266 968 §3.
299 897 375 955 Ἐπεὶ
408 903 433 955 οί
458 924 486 974 γε
515 905 573 976 περὶ
603 901 650 974 τὴν
678 901 846 957 Μακεδονίαν
973 904 1006 957 Ιιι
1032 903 1187 958 Macedonia
1212 904 1320 957 laricem
1343 905 1491 959 masculam
1519 909 1612 976 urunt,

138 981 199 1040 οὐδὲ
227 986 275 1058 τὴν
304 985 404 1059 πεύκην
432 995 646 1043 πιττοκαοτοῡσιν
672 985 732 1043 ἄλλ’
754 986 771 1060 ἢ
798 988 846 1062 τὴν
900 991 1014 1045 feminae
1032 991 1138 1047 radices
1155 992 1267 1043 tantum.

143 1066 155 1085 11

138 1092 234 1145 αρρενα
352 1073 406 1146 Τῆς
433 1077 461 1130 δὲ
488 1077 596 1148 θηλείας
624 1074 668 1130 tola
696 1096 768 1135 τινας
795 1081 853 1130 τιῖινΙ

139 1161 214 1231 pedibu
233 1157 355 1230 λοίβωσιν.

133 1346 135 1352 Ι
243 1265 292 1329 Ne
315 1268 367 1330 hio
391 1267 521 1350 quidem
544 1288 601 1352 pro
625 1273 708 1332 certo
732 1268 924 1332 contendere
947 1270 1049 1333 audeo
1068 1268 1324 1351 Theophrastum
1350 1273 1514 1333 auctorem
1542 1291 1610 1336 esse

34 1371 36 1386 '
137 1367 246 1447 Plinii,
270 1371 427 1457 sedputo
444 1392 486 1435 ex
508 1373 563 1435 illo
586 1374 664 1435 haec
687 1391 757 1436 esse
774 1376 911 1455 sumpta.
944 1370 1028 1436 Nam
1050 1375 1159 1436 omnia
1182 1373 1248 1436 fere
1271 1381 1466 1455 congruunt.
1502 1373 1609 1438 Verba

71 1470 79 1523 ζ
138 1471 237 1536 Plinii
263 1493 363 1555 „cum
384 1478 492 1539 resina
516 1477 686 1540 damnetur
707 1495 749 1541 ex
770 1477 821 1539 his
843 1475 1008 1559 partibus“
1033 1476 1165 1540 fortasse
1186 1478 1382 1559 respondent
1397 1467 1607 1560 Theophrasti

136 1572 257 1641 lerbis:
293 1575 371 1654 „aiei
401 1577 434 1641 δὲ
464 1577 572 1643 πλείων
600 1576 650 1642 καί
678 1577 799 1665 βελτίων
828 1577 847 1664 ἡ
878 1581 918 1652 εἰς
941 1579 973 1643 τὸ
998 1580 1136 1667 στέλεχος
1160 1584 1238 1643 κτλ.“
1294 1579 1356 1643 Sed
1388 1579 1467 1661 quid
1493 1582 1608 1663 dicam,

137 1683 224 1763 quod
248 1681 374 1747 Plinius
396 1684 543 1767 praebet:
571 1685 636 1764 „ibi
662 1684 794 1767 quidem
817 1694 848 1749 et
871 1686 1037 1748 eremis
1061 1705 1097 1747 ac
1118 1683 1350 1764 radicibus,
1372 1684 1607 1766 Theophrastus

136 1786 165 1847 ἐν
189 1783 297 1872 ἀμφοῖν
327 1784 378 1850 καὶ
406 1789 441 1850 ἐν
472 1792 522 1872 τῷ
549 1789 734 1875 στελέχει
767 1784 817 1851 καὶ
851 1773 999 1858 ἐντοῖς
1035 1785 1279 1872 ἀκρερόσινίί,
1315 1787 1435 1850 dubito.
1493 1788 1607 1854 Errore

135 1889 310 1954 adductum
344 1888 490 1955 Plinium
526 1911 583 1974 pro
617 1891 794 1977 ,,στέλεχος“
829 1892 996 1974 scripsisse
1033 1891 1194 1973 „radices“
1227 1912 1293 1954 non
1327 1897 1417 1974 puto.
1473 1891 1559 1955 Nam
1590 1913 1606 1956 e

136 1993 326 2058 caudicibus
348 1996 600 2059 terebinthorum
624 1998 756 2061 cortices
781 1996 903 2060 detrahi
926 2001 957 2059 et
986 1996 1128 2059 resinam
1157 1997 1248 2079 gigni
1279 1996 1344 2057 iam
1376 1995 1453 2058 dicit
1483 1996 1602 2078 verbis,

138 2117 220 2178 quae
256 2100 470 2164 antecedunt:
516 2101 581 2182 „sic
615 2108 646 2163 et
679 2102 714 2163 in
744 2100 837 2180 Syria
870 2098 1048 2162 terebintho
1084 2100 1255 2162 detrahunt
1289 2099 1452 2179 cortices“,
1489 2100 1605 2165 deinde

73 2204 77 2213 '
135 2199 263 2266 Plinius
288 2203 404 2266 addere
426 2204 515 2266 vult:
554 2208 697 2286 „praeter
725 2204 814 2266 hunc
841 2203 947 2265 locum
976 2202 1064 2266 unde
1092 2205 1128 2265 in
1158 2203 1320 2285 plerisque
1343 2201 1510 2266 arboribus
1534 2203 1603 2268 fieri

137 2305 232 2388 solet,
269 2307 304 2368 in
338 2306 516 2370 terebintho
552 2326 593 2370 ex
627 2307 699 2370 aliis
735 2325 863 2390 quoque
890 2306 970 2369 locis
1002 2307 1117 2370 cortice
1149 2306 1287 2369 detracto
1316 2308 1373 2389 pir
1395 2307 1553 2388 gignitur,
1586 2328 1603 2372 e

135 2412 233 2473 ramis
271 2430 308 2474 ac
345 2411 539 2474 radicibus.“
599 2409 661 2475 Sed
698 2412 786 2476 unde
825 2430 863 2493 „e
899 2410 1080 2473 radicibus“
1121 2410 1249 2473 Plinius
1287 2411 1474 2492 sumpserit,
1513 2414 1603 2494 equi·

136 2514 207 2577 dem
232 2517 350 2579 nescio.

236 2618 367 2702 Peragr.
399 2617 442 2681 59
477 2620 615 2701 priorem
649 2621 839 2683 sententiam
875 2637 917 2682 err
946 2618 1147 2701 Theopompo
1176 2622 1337 2700 sumptam
1372 2635 1441 2680 esse
1469 2616 1600 2682 Plinius

138 2723 207 2805 ipse
231 2724 316 2786 dicit.
362 2721 487 2786 Deinde
509 2724 627 2805 porgit:

203 2841 341 2909 ]X‚2‚3.
377 2839 552 2914 Καλλίστη
579 2843 612 2896 δὲ
636 2843 840 2914 πίτταγίνε-
963 2841 1028 2894 Pix
1060 2842 1198 2908 optuma
1231 2841 1361 2908 ubique
1390 2856 1431 2893 ex
1463 2841 1602 2908 apricis

134 2949 189 2984 ται
207 2931 262 2982 καὶ
286 2925 515 3001 καθαρωτάτη
541 2925 614 3001 ἠὲκ
632 2934 691 2983 τῶν
714 2927 841 3003 σφόδρα
892 2926 1075 2996 aquilonis
1100 2927 1185 2994 situ,
1209 2943 1249 2981 ex
1271 2927 1390 2995 opacis
1415 2926 1602 2983 horridior

133 3017 323 3089 προσείλων
343 3013 649 3090 καὶπροσβόρρων·
675 3017 839 3069 ἐκδὲτῶν
893 3015 1023 3083 virusque
1051 3014 1209 3082 praeferens
1236 3013 1368 3082 frigida
1398 3013 1513 3067 hieme
1542 3015 1603 3070 de·

72 3101 75 3109 '
133 3103 323 3156 παλισκίων
343 3104 580 3176 βλοσυρωτέρα
599 3105 642 3157 καὶ
661 3100 839 3176 βορβορώδης·
893 3103 1004 3156 terior
1021 3117 1057 3154 ac
1076 3100 1190 3165 minus
1210 3100 1352 3168 copiosa
1371 3102 1398 3153 et
1416 3100 1531 3154 decolor.

49 3250 56 3265 -.
133 3190 160 3242 ἐν
191 3187 238 3262 peip
268 3196 321 3248 τοῖς
353 3187 452 3263 σφόδρα
483 3190 627 3250 παλισκίοις
658 3186 718 3244 οὐδὲ
749 3186 840 3262 φύεται

133 3272 218 3347 πεύκη
237 3274 267 3329 τὸ
290 3273 424 3348 παράπαν.

203 3367 228 3420 4.
346 3357 407 3416 ὅταν
436 3365 481 3433 μὲν
510 3362 558 3435 γὰρ
586 3359 708 3436 χειμὼν
739 3363 842 3434 μέτριος

132 3451 247 3523 γένηται,
267 3447 351 3520 πολλὴ
370 3451 466 3521 γίνεται
485 3451 529 3502 καὶ
551 3447 627 3519 καλὴ,
653 3449 698 3500 καὶ
721 3453 759 3518 τῷ
775 3443 841 3521 χριίν

133 3556 194 3606 ρατι
220 3537 376 3609 λευκοτέρα·
403 3531 482 3589 ὅταν
507 3536 541 3588 δὲ
568 3532 719 3608 ἰσχυρὸς,
744 3530 841 3606 ὀλίγη

131 3623 460 3696 καὶμοχθηροτέρα.

240 3726 329 3791 Haec
353 3729 434 3810 quin
459 3731 589 3809 sumpta
612 3727 675 3790 sint
699 3746 741 3790 cx
763 3726 987 3810 TheophrastO,
1010 3746 1060 3790 me
1085 3727 1214 3809 quidem
1237 3726 1344 3788 iudice
1369 3724 1507 3788 dubium
1533 3747 1599 3791 non

135 3837 191 3895 est.
238 3830 322 3893 Nam
347 3833 455 3895 omnia
478 3833 648 3913 utriusque
671 3830 768 3895 verba
791 3832 885 3914 plane
908 3838 1100 3913 congruunt.
1151 3828 1243 3905 Quod
1266 3828 1394 3892 Plinius
1418 3828 1478 3891 sub
1502 3830 1603 3896 finem

135 3935 252 3999 adiecit
277 3941 327 4017 „et
350 3936 509 4017 decolor“,
533 3936 712 4018 desumpsit
727 3955 768 3999 ex
784 3935 889 3998 verbis
905 3935 1109 4017 Theophrasti
1126 3931 1195 4010 ,καὶ
1209 3939 1251 4018 τῷ
1263 3931 1397 4019 χρώματι
1413 3933 1604 4018 λευκοτέρα,“

135 4039 197 4104 Sed
220 4059 285 4102 non
310 4041 404 4123 plane
427 4042 510 4103 inter
526 4058 559 4103 se
576 4047 761 4123 congruunt
776 4040 932 4103 adiectiva
955 4037 1178 4123 ,,βορβορώῦης“
1202 4047 1232 4102 et
1256 4039 1364 4118 „virus
1380 4035 1602 4119 praeferens;“

130 4164 208 4207 nam
231 4144 387 4208 adiectivo
410 4142 633 4229 ,,βορβορώῧης“
656 4144 828 4228 respondet
861 4146 895 4206 in
930 4162 1075 4207 sermone
1106 4143 1220 4207 Latino
1254 4142 1299 4223 id,
1332 4140 1417 4224 quod
1448 4140 1538 4205 Gaza
1568 4145 1603 4206 in

135 4251 282 4313 versione
305 4249 434 4332 praebet
456 4250 591 4330 „limum
613 4249 785 4313 referens.“
832 4248 931 4331 Apud
947 4247 1091 4310 Plinium
1107 4249 1224 4310 vitium
1248 4244 1368 4309 librarii
1391 4248 1604 4312 statuendum

135 4358 177 4435 et,
199 4361 236 4415 ut
259 4354 361 4416 suasit
383 4353 555 4416 Eduardus
574 4353 787 4416 Schwartzius
813 4353 1028 4436 „limumque“
1052 4351 1290 4416 restituendum
1314 4368 1384 4413 esse
1410 4356 1498 4432 pute.

202 4508 261 4574 §a
298 4507 327 4560 οί
352 4508 385 4560 δὲ
413 4509 471 4580 περί
498 4506 546 4580 τὴν
571 4503 641 4580 Ἴδην
670 4511 750 4582 φασὶ
779 4510 841 4562 dtur·
970 4510 1039 4576 §aa
1062 4506 1200 4573 quidam
1218 4504 1490 4558 arbitranturin
1509 4521 1604 4560 mon·

132 4599 236 4666 ροῦντες
263 4592 309 4653 τὰς
336 4592 448 4656 πεύκας,
477 4597 521 4648 καὶ
548 4594 595 4648 τίν
624 4599 670 4666 ριἐν
700 4596 841 4654 καλουντες
898 4595 1014 4648 tuosis
1041 4592 1140 4661 copia
1164 4591 1456 4660 praestantiorem
1483 4607 1522 4645 ac
1548 4609 1605 4647 co·

130 4678 233 4746 Ἰδαίαν,
252 4680 299 4752 τὴν
314 4682 491 4754 oinopotlos
512 4680 570 4752 τὴν
590 4683 624 4735 ἐκ
642 4687 702 4754 τῆς
720 4679 842 4741 Ἰδαίας
895 4681 969 4735 lore
988 4682 1020 4734 et
1039 4679 1232 4733 dulciorem
1249 4677 1348 4745 fieri,
1368 4679 1504 4732 odorem
1523 4697 1607 4749 quo·

131 4770 239 4824 πλείω
270 4772 327 4823 καὶ
357 4770 567 4841 μελαντέραν
598 4769 755 4841 γίνεσθαι
786 4772 843 4822 καὶ
897 4785 963 4835 que
988 4766 1190 4834 gratiorem,
1215 4765 1290 4818 dum
1314 4768 1433 4820 resina
1456 4767 1521 4834 sit,
1549 4768 1604 4822 de·
