3292 5436
752 86 792 150 13

40 297 168 369 μένον,
201 290 337 365 πρόμηκες
368 293 495 365 σφαιρίον.
534 289 604 346 'liat
634 294 667 346 δὲ
696 299 753 345 τοὺ

43 379 177 456 φύλλου
197 377 273 453 <pier
292 378 375 433 κατὰ
394 379 453 453 τὴν
475 377 571 452 ῥάχιν
597 380 752 452 σφαιρίον

39 466 183 531 λευκὸν,
203 468 352 537 διαυγὲς,
372 463 553 529 1Ξδατώδες,
574 460 653 519 ὅταν
674 463 753 518 ἁπα-

39 554 102 610 λὸν
124 551 154 628 ἦρ’
175 558 279 607 τοῦτο
298 554 398 607 δὲκαὶ
420 553 752 624 μνίαςὲνίοτεὲνδον

40 644 135 717 ἔχει·
172 637 417 712 τελειοόρενον
454 641 488 692 δὲ
525 637 753 712 σκληρόνεται

39 729 189 803 κηκῖδος
213 732 333 800 μικρᾶς
351 728 441 786 λείας
465 726 596 800 τρόπον.

160 921 226 985 Sub
249 919 345 984 finem
370 939 491 1003 paragr.
517 919 559 982 29
584 938 666 1003 quae
688 920 813 982 codices
836 919 1002 1002 praebent:
1030 926 1270 1001 „maturescunt
1282 923 1326 984 in
1353 922 1505 986 modunl‘

46 1035 133 1093 certe
157 1032 304 1107 corrupta
327 1030 418 1103 sunt;
442 1043 549 1106 neque
571 1025 649 1086 mihi
682 1024 794 1107 placet,
825 1042 908 1106 quae
930 1023 1075 1107 Silligius
1106 1027 1232 1109 scripsit
1266 1031 1507 1109 „maturescunt

46 1136 81 1196 in
106 1133 239 1194 modum
263 1129 391 1211 gallae.“
444 1127 525 1191 Nam
555 1149 627 1190 cnm
659 1128 847 1191 antecedant
871 1127 966 1190 rerba
1000 1130 1176 1210 „quamdiu
1205 1131 1314 1194 molles
1346 1132 1442 1211 sint‘,
1474 1133 1506 1193 in

49 1239 108 1317 iis,
144 1253 226 1318 quae
269 1237 438 1311 secuntur,
479 1232 585 1314 aliqua
628 1234 676 1294 his
717 1238 918 1314 opponantur
960 1233 1052 1315 plane
1086 1252 1215 1312 necesse
1249 1240 1305 1297 est.
1369 1234 1509 1298 Conlatis

50 1342 160 1404 verhis
182 1338 387 1420 Theophrasti
411 1337 539 1418 adparet
563 1356 609 1416 ea,
634 1356 716 1418 quae
743 1335 867 1398 Plinius
896 1337 934 1399 de
963 1337 1012 1399 his
1035 1338 1160 1400 nucleis
1192 1339 1285 1417 dieat,
1317 1338 1509 1402 verbotenus

52 1465 93 1509 ex
118 1444 331 1526 Theophrasto
356 1446 482 1522 sumpta
506 1459 574 1503 esse
599 1441 687 1502 nullo
713 1439 807 1503 verbo
831 1441 952 1502 adiecto
976 1459 1082 1522 neque
1111 1442 1236 1504 omisso.
1282 1441 1387 1517 Quare
1409 1441 1508 1506 Theo·

59 1551 226 1633 phrastum
251 1547 368 1609 secutis
392 1543 491 1606 nobis
516 1543 720 1606 scribendum
744 1563 814 1607 esse
842 1551 936 1627 puto:
976 1546 1110 1626 „maturi
1135 1545 1308 1609 durescunt
1338 1548 1371 1609 in
1394 1566 1512 1630 parvae

54 1655 136 1716 levis
170 1651 271 1734 gallae
307 1649 465 1712 moduuu“
524 1646 706 1725 Lucrionem
743 1649 889 1711 codicum
925 1668 961 1712 eo
996 1654 1095 1711 ortam
1131 1668 1200 1712 esse
1236 1652 1390 1733 suspicor,
1426 1653 1511 1734 quod

56 1757 209 1819 librarius
245 1755 378 1835 „maturi
415 1752 605 1814 durescunt*
642 1755 801 1815 contraxit
834 1755 867 1814 in
902 1754 1160 1833 „maturescunt‘
1193 1759 1223 1817 et
1258 1755 1372 1818 deinde
1408 1776 1510 1843 unum

53 1880 186 1924 versum
210 1864 310 1922 totum
335 1857 502 1940 praeteriit.
960 1846 964 1857 ’

163 1981 252 2044 Haec
286 1981 366 2061 quin
397 1977 524 2040 Plinius
554 1997 595 2040 ex
624 1977 835 2059 Theophrasto
871 1983 1038 2041 mutuatus
1072 1980 1123 2058 sit,
1157 1997 1207 2042 me
1243 1981 1373 2061 quidem
1407 1982 1513 2046 iudice

57 2086 196 2149 dubium
214 2100 362 2147 essenon
387 2089 503 2165 potest;
529 2101 602 2144 nam
620 2082 746 2144 nullum
771 2081 834 2146 fere
850 2081 1040 2145 vocabulum
1060 2083 1145 2165 apud
1159 2082 1300 2146 Plinium
1317 2085 1513 2167 invenimus,

58 2190 147 2274 quod
171 2208 235 2250 non
260 2192 363 2250 exstet
386 2187 470 2268 apud
494 2185 756 2268 Theophrastum.
813 2187 849 2249 In
883 2185 980 2249 rebus
1011 2206 1076 2249 non
1100 2206 1226 2270 semper
1248 2191 1406 2252 consentit
1430 2196 1514 2254 uter-

59 2312 136 2377 que,
159 2293 214 2356 sed
238 2292 296 2354 hac
321 2291 360 2354 de
381 2310 415 2353 re
437 2310 501 2352 non
531 2292 593 2352 iam
619 2297 701 2353 certe
734 2290 902 2352 diiudicari
933 2294 1044 2372 potest,
1102 2289 1184 2352 Nam
1219 2292 1312 2374 plane
1345 2300 1514 2376 corruptus

58 2402 109 2460 est
131 2398 221 2458 locus
243 2393 459 2478 Theophrasti,
488 2414 584 2476 quem
616 2394 726 2473 adtuli,
757 2400 788 2457 et
818 2395 996 2476 corruptior
1029 2394 1170 2475 quidem,
1206 2381 1301 2477 quam
1338 2400 1373 2459 ut
1407 2400 1512 2460 sanari

53 2501 167 2584 possit.
212 2498 372 2581 Equidem
396 2497 495 2559 adtuli
519 2499 624 2560 locum
650 2497 830 2561 secuudum
855 2497 1026 2560 editionem
1050 2496 1246 2578 Schneideri,
1278 2499 1333 2562 sed
1365 2499 1417 2561 hio
1447 2503 1515 2584 ipse

52 2607 89 2666 in
114 2603 349 2666 commentariis
373 2602 443 2682 (ΙΙΙ,
472 2602 530 2666 168
556 2603 630 2683 seq.)
654 2610 749 2683 negat
772 2602 854 2664 hanc
877 2601 1046 2664 lectionem
1069 2602 1131 2665 sibi
1160 2608 1278 2664 rectam
1309 2621 1378 2666 esse
1402 2604 1512 2667 videri.

54 2707 235 2770 Videamus
258 2706 401 2788 singula!

163 2829 253 2891 Certe
287 2834 431 2890 constare
466 2829 543 2890 mihi
578 2828 727 2890 videntur
754 2827 851 2891 verba
886 2845 968 2908 quae
1002 2827 1093 2889 initio
1128 2833 1272 2890 exstant:
1310 2829 1448 2903 „alaim
1483 2828 1515 2893 δὲ

53 2931 173 2996 πάντων
196 2929 216 3014 ἡ
240 2934 325 3014 ὃρῦς“
349 2935 423 3011 (non
448 2939 531 2994 recte
561 2951 611 2995 me
636 2931 765 3014 quidem
796 2932 903 2995 iudice
933 2930 1146 2994 Schneiderus
1178 2930 1297 3014 ,,φέρει“
1325 2933 1456 2995 retinuit
1487 2938 1518 2996 et

55 3033 177 3120 ,,παροί“
200 3036 346 3116 inseruit,
369 3036 487 3098 rectius
511 3037 586 3098 mihi
608 3036 735 3097 videtur
758 3055 831 3097 crim
845 3034 1019 3096 Wimmero
1044 3032 1162 3118 „piperu
1185 3036 1218 3096 in
1242 3034 1359 3118 ,,παρά“
1384 3041 1516 3117 mutare,

59 3159 136 3202 cum
158 3137 254 3221 paulo
278 3147 370 3201 antea
394 3140 513 3201 dictum
538 3141 592 3202 sit:
618 3137 718 3224 „ps'psr
743 3136 794 3221 μὲν
810 3136 859 3201 καὶ
881 3135 1181 3223 ἡκαραοφόρος....
1210 3135 1311 3221 ἀλλ’ἡ
1335 3136 1428 3221 πεόκη

56 3243 181 3307 πλεῖστα
210 3239 242 3305 δὲ
265 3239 381 3305 πάντων
404 3240 492 3327 ἡδρῦς
515 3243 594 3326 παρὰ
617 3241 664 3304 τδν
688 3240 811 3327 καρπόν)
840 3242 920 3327 παρὰ
951 3241 1000 3304 τὸν
1031 3240 1149 3326 καρπόν,
1181 3239 1240 3304 οἷον
1270 3239 1322 3324 τήν
1351 3266 1383 3305 τε
1412 3244 1519 3326 κηκῖδα

56 3347 110 3430 τὴν
135 3346 239 3432 μικρὰν
262 3342 311 3408 καὶ
334 3346 385 3429 τὴν
417 3345 517 3433 ἑτέραν
545 3347 596 3430 τὴν
626 3344 752 3430 armeta
783 3344 832 3410 καὶ
865 3345 1032 3430 ρέλαιναν“,
1057 3344 1175 3435 quibus
1205 3345 1298 3428 plane
1326 3348 1519 3428 respondent

57 3449 160 3514 Plinii
176 3448 281 3512 verba.
319 3447 408 3524 Quae
425 3458 580 3514 secuntur
603 3469 707 3533 usque
730 3451 769 3513 ad
792 3450 889 3514 verba
912 3448 1037 3535 ‚aadpon
1061 3453 1206 3535 aaqalq‘t
1230 3450 1314 3512 sicut
1337 3449 1518 3512 secundum

59 3553 428 3635 Schneiderumadtuli,
452 3559 535 3619 certe
565 3555 643 3617 falsa
674 3573 743 3617 esse
773 3555 849 3617 mihi
878 3555 1035 3618 videntur.
1082 3552 1166 3616 Nam
1196 3572 1293 3616 sensu
1325 3571 1415 3616 cassa
1445 3559 1521 3615 sunt

59 3675 113 3720 me
137 3655 266 3738 quidem
290 3656 398 3722 iudice
427 3658 536 3722 verba:
572 3658 664 3742 „aliqu
688 3661 870 3743 σκληρὸν...
893 3655 943 3721 καὶ
972 3655 1171 3742 προσεμφερὲς
1199 3654 1303 3742 τρόπον
1333 3654 1422 3719 τινοί.“
1468 3656 1520 3718 cui

59 3757 321 3845 „apanepqepiq‘T
345 3762 403 3824 hoc
427 3782 587 3846 nusquam
613 3763 736 3825 dicitur.
784 3761 904 3825 Eodem
928 3762 1020 3824 modo
1051 3761 1143 3823 nihili
1172 3765 1266 3823 sunt:
1303 3757 1520 3843 „teletodperor

60 3862 94 3927 δὲ
120 3862 244 3947 σκληρὸν
268 3861 346 3927 τοῦτ’
363 3862 423 3928 ἐστὶ
445 3862 495 3928 καὶ
517 3863 624 3950 ταόροο
648 3869 792 3950 κεφαλῇίί,
818 3865 1013 3928 desideratur
1036 3864 1169 3946 aliquid,
1200 3868 1237 3926 ut
1259 3863 1409 3949 „eppepiq
1434 3886 1522 3949 προσ-

62 3965 217 4052 εμφερέςίί,
253 3986 327 4030 cum
358 3973 441 4032 certe
463 3969 696 4053 Theophrastus
728 3970 832 4033 dicere
855 3969 932 4033 velit
965 3970 1024 4031 hoc
1058 3968 1161 4031 simile
1196 3986 1265 4031 esse
1300 3969 1395 4050 capiti
1430 3968 1522 4030 tauri.

64 4071 171 4147 Quare
195 4072 340 4154 suspicor
363 4073 507 4136 ordinem
531 4075 643 4137 horum
661 4073 829 4137 verborum
854 4073 1017 4137 turbatum
1034 4090 1103 4135 esse
1126 4076 1156 4135 et
1179 4072 1210 4133 in
1236 4070 1435 4134 emendando
1459 4070 1519 4132 hoo

61 4176 134 4238 loco
168 4175 395 4258 coniungenda
428 4195 497 4240 esse
533 4177 641 4240 verba:
677 4175 897 4262 „apooeppepir
927 4174 1031 4261 τρόπον
1060 4173 1141 4238 τινά“
1172 4180 1203 4238 et
1230 4172 1355 4257 ,,ταόρου
1378 4177 1522 4259 κεφαλῇ.“

64 4277 237 4354 Quaeritur
268 4298 368 4361 nunc,
403 4282 562 4363 quomodo
590 4283 649 4344 hoo
678 4282 740 4344 fiat.
800 4281 926 4344 Plinius
959 4298 1011 4343 me
1046 4279 1176 4362 quidem
1209 4278 1316 4342 iudice
1349 4278 1430 4340 nihil
1463 4297 1524 4341 nos

65 4384 220 4447 adiuvare
242 4387 356 4465 potest,
380 4404 453 4449 nam
469 4404 553 4451 ‚oum
576 4387 621 4467 id,
646 4387 731 4468 quod
755 4386 893 4469 speeiem
916 4386 1008 4467 penis
1038 4383 1154 4447 habere
1175 4380 1412 4464 Theophrastus
1436 4381 1524 4461 dicit,

63 4506 129 4550 non
162 4494 396 4569 commemoret,
428 4490 658 4572 suspicandum
681 4493 728 4552 est
759 4507 832 4552 eum
865 4488 1039 4571 complura,
1074 4504 1157 4570 quae
1185 4487 1347 4568 pertinent
1380 4484 1420 4547 ad
1454 4485 1524 4565 hoc,

64 4590 271 4654 transtulisse
295 4592 334 4654 ad
359 4611 404 4673 ea,
428 4612 510 4676 quae
534 4594 632 4657 veluti
656 4611 743 4657 mora
767 4596 852 4656 sunt.
912 4591 1083 4675 Equidem,
1107 4610 1180 4653 cum
1204 4591 1248 4653 rei
1273 4587 1436 4652 herbariae
1459 4607 1523 4651 non

65 4695 145 4758 satis
168 4694 228 4757 eim
253 4696 384 4778 peritus,
407 4697 446 4761 de
468 4697 528 4760 hac
550 4715 585 4760 re
609 4696 784 4760 diiudicare
806 4713 858 4758 me
882 4714 946 4757 non
970 4711 1062 4778 posse
1085 4692 1240 4778 profiteor.
