3292 5436
688 168 725 233 81

67 400 150 444 mam
176 399 246 444 esse
269 380 354 442 dicit.
404 378 620 443 Altitudinem
651 379 765 440 harum
796 377 944 441 arborum
968 373 1309 462 „apiciana-tramarice
1338 375 1439 439 fuisse

67 486 213 568 phrastus
236 484 342 564 tradit,
365 482 493 546 Plinius
517 487 669 565 „centum
690 482 821 566 triginta
834 481 988 564 pedum“,
1012 501 1086 545 cum
1101 482 1307 567 Theophrasti
1330 479 1438 544 verbis

67 589 193 653 indeant
235 588 520 671 „duodeoctoginta
562 587 711 670 pedum“.
779 585 842 651 Sed
878 585 931 648 hic
968 583 1067 648 Plinii
1109 574 1275 650 dissensus
1312 583 1436 648 nullius

67 695 133 757 enti
157 712 227 758 esse
249 693 327 755 mihi
350 692 488 772 videtur,
519 691 574 756 sed
605 709 709 755 errore
739 693 836 753 ortus.
881 687 930 753 De
959 689 1172 753 crassitudine
1201 689 1437 773 Theophrastus

67 816 92 860 re
116 817 220 860 unum
245 797 374 880 quidem
398 795 532 859 verbum
555 795 667 876 adfert,
699 795 755 858 sed
778 799 871 858 antea
894 793 976 857 dixit
998 795 1033 856 in
1056 792 1150 873 Syria
1181 795 1292 858 cedros
1313 799 1437 857 tantam
1522 863 1525 868 ¹

67 902 222 966 ltudinem
245 901 388 984 adipisci,
412 907 448 964 ut
472 907 535 965 tres
554 900 615 963 viri
630 918 684 963 eas
700 898 848 981 amplecti
864 917 930 961 uon
946 903 1085 981 possent.
1132 898 1219 961 Hinc
1234 915 1286 961 me
1303 896 1436 981 quidem

70 1026 87 1069 e
111 1005 238 1069 Plinius
272 1006 459 1088 desumpsit,
492 1024 575 1087 quae
606 1004 683 1067 dicit
712 1003 751 1067 de
780 1002 993 1067 crassitudine
1024 1001 1109 1065 cedri
1139 1003 1175 1064 in
1199 1001 1304 1085 Cypro
1332 1007 1438 1065 natae.

84 1127 172 1202 Quae
218 1108 372 1192 secuntur
418 1128 456 1191 de
500 1127 688 1190 Germaniae
733 1123 969 1208 praedonibus,
1013 1123 1247 1206 Theophrastus
1291 1123 1437 1187 nondum

83 1234 196 1315 potuit.

67 1391 78 1457 ',
99 1396 123 1455 3,
145 1396 166 1447 1.
204 1384 681 1460 ΙΙυκνόταταρὲνοῦνὸοκεῖ
803 1388 896 1455 1204.
938 1384 1167 1452 Spississima
1191 1401 1231 1439 ex
1253 1385 1345 1438 omni
1370 1401 1438 1438 ma-

74 1475 227 1551 αρύτατα
252 1473 353 1536 πύξος
372 1475 457 1528 εἶναι
476 1477 532 1528 καὶ
551 1475 678 1545 ἔβενος·
733 1473 837 1540 tario,
862 1473 940 1526 ideo
962 1473 996 1525 et
1019 1472 1235 1540 gravissima
1252 1471 1439 1527 iudicatur

85 1565 143 1637 γὰρ
173 1561 313 1618 ode‘erl
340 1569 397 1616 τοῦ
426 1558 548 1621 ὕδατος
582 1557 676 1615 ταῦτ’
733 1559 888 1613 hebenus
929 1563 965 1613 et
1006 1559 1138 1626 buxus,
1178 1559 1291 1628 graciles
1332 1561 1434 1614 natura.

67 1660 116 1706 (εἰ.
732 1648 855 1700 neutra
879 1647 914 1698 in
938 1647 1039 1714 aquis
1064 1646 1206 1714 fluitat,
1231 1664 1279 1701 noc
1298 1646 1386 1713 suber,
1413 1648 1438 1700 si

70 1737 239 1804 itrur.II,9‚
254 1742 294 1793 14.
331 1735 680 1803 Larix....propter-
733 1733 856 1786 dematur
873 1734 974 1801 cortex,
998 1749 1059 1787 nec
1083 1732 1183 1787 larix.
1220 1749 1261 1787 ex
1285 1733 1439 1802 reliquis

67 1825 194 1893 pondus
217 1824 256 1876 ab
279 1840 365 1891 aqua
384 1839 448 1877 non
467 1823 679 1876 sustinetur.
733 1820 885 1874 siccissima
902 1819 1010 1887 lotos,
1029 1819 1209 1888 quaeRomae
1226 1821 1266 1874 ita
1281 1819 1438 1890 appellatur,

68 1954 75 1979 ,
105 1916 134 1979 3,
167 1916 189 1967 1.
237 1917 299 1964 τῶν
329 1908 353 1964 δ’
376 1907 487 1965 ἄλλων
518 1907 532 1964 ὸ
565 1908 680 1970 λωτός.
734 1907 814 1961 dein
846 1907 950 1961 robur
979 1905 1256 1961 exalburuatum.
1309 1910 1337 1961 et
1372 1908 1439 1963 huic

67 2021 74 2052 l
103 2000 131 2052 δὲ
157 2001 214 2052 καὶ
241 1995 258 2070 ἡ
286 2004 345 2070 τῆς
373 1997 471 2072 δρυὸς
499 1994 620 2070 μήτρα,
648 1992 679 2068 ἣν
734 1995 869 2062 nigricans
893 1993 966 2049 color
982 1992 1162 2062 magisque
1180 1995 1286 2048 etiam
1304 1996 1439 2065 cytiso,

67 2107 80 2139 a
104 2083 336 2159 μελάνδρυον·
361 2088 416 2138 καὶ
441 2086 489 2140 ἔτι
513 2081 681 2156 gaditani]
735 2098 820 2150 quaa
862 2097 1025 2150 proxuma
1064 2082 1230 2136 accedere
1266 2083 1438 2137 hebenum

74 2167 683 2246 υτίσου·παροροίαρὰραὕτηδοκεῖ
734 2169 893 2238 videtur,
931 2185 1091 2238 quamquam
1121 2186 1185 2223 nou
1216 2169 1343 2223 desunt
1378 2172 1438 2239 qui

72 2264 135 2332 sap
155 2260 253 2312 εἶναι.
734 2256 898 2326 Syriacas
924 2256 1145 2311 terebinthos
1173 2257 1352 2326 nigriores
1377 2259 1438 2312 ad·

110 2344 224 2401 Μέλαν
253 2348 280 2400 δὲ
310 2344 409 2419 σφόδρα
436 2348 492 2400 καὶ
520 2344 617 2400 πυκνὸν
645 2344 681 2399 τὸ
734 2343 884 2397 firment.

72 2433 253 2506 epulatos·
277 2437 353 2506 περὶ
376 2438 453 2504 γοῦν
472 2431 596 2506 Συρίαν
622 2453 681 2504 ρα-

67 2518 139 2593 ερόν
160 2541 260 2593 φασιν
280 2521 368 2574 εἶναι
387 2525 446 2591 τῆς
464 2522 590 2591 ἐβένου.

77 2660 238 2743 Equidem
270 2665 353 2723 certo
382 2665 459 2742 puto
490 2661 568 2722 haec
599 2679 668 2723 esse
699 2664 828 2740 sumpta
858 2677 900 2721 ex
927 2657 1152 2740 Theophrast0,
1184 2644 1239 2723 sed
1270 2661 1323 2723 hic
1356 2660 1437 2723 nihil

67 2765 144 2827 dicit
174 2765 213 2827 dc
242 2764 338 2827 larice
368 2782 474 2846 neque
505 2763 545 2826 de
578 2763 700 2828 subere.
748 2761 796 2826 De
827 2761 941 2826 subere
971 2763 1059 2826 unde
1090 2762 1167 2826 haec
1195 2768 1361 2829 mutuatus
1395 2766 1436 2829 sit

67 2889 110 2950 aa,
147 2870 266 2949 nescio,
301 2869 339 2932 de
371 2868 467 2932 larice
502 2888 583 2951 quae
618 2869 705 2949 dicit,
739 2887 781 2932 ex
815 2867 964 2930 Vitruvio
999 2868 1020 2929 l.
1051 2868 1071 2930 l.
1104 2866 1240 2933 fluxisse
1273 2869 1433 2932 videntur.

67 2992 125 3036 ron
150 2972 232 3036 bene
258 2973 384 3036 Plinius
415 2974 492 3036 haec
516 2973 555 3036 de
578 2972 673 3035 larice
696 2971 793 3034 tradit
816 2971 905 3035 nullo
929 2971 1026 3034 verbo
1058 2972 1175 3052 addito,
1207 2991 1270 3055 quc
1293 2974 1371 3036 haec
1394 2973 1436 3036 ad

67 3098 96 3139 m
128 3078 233 3139 laricis
263 3097 366 3159 genus
397 3078 554 3159 pertinere
584 3075 738 3138 ostendat.
784 3073 868 3136 Nam
892 3074 1062 3138 Vitruvius
1090 3076 1169 3138 haec
1198 3082 1306 3139 narrat
1339 3077 1377 3141 de
1400 3097 1437 3141 ea

67 3205 83 3262 a,
114 3201 196 3262 (puae
225 3183 265 3243 sit
288 3182 415 3262 propria
437 3181 607 3262 regionum
639 3181 723 3241 circa
744 3181 847 3262 ripam
871 3178 951 3248 Padi
980 3186 1011 3242 et
1040 3179 1131 3241 litora
1159 3181 1256 3243 maris
1279 3174 1437 3245 Adriatici

67 3305 119 3364 rm,
154 3304 227 3347 oum
264 3285 390 3346 Plinius
425 3284 580 3347 vocabulo
616 3284 739 3365 ,191111ι
776 3283 911 3346 eandem
946 3283 1091 3347 arborem
1122 3283 1301 3366 significare
1333 3287 1432 3351 soleat

67 3413 71 3449 ι
110 3388 344 3470 Theophrastus
384 3388 542 3452 vocabulo
579 3387 719 3471 „radant
756 3407 837 3471 quae
870 3390 905 3450 in
939 3390 1033 3470 aquis
1062 3387 1187 3452 fluitare
1221 3392 1331 3472 negari
1366 3411 1433 3454 non

67 3498 94 3572 (1,
124 3512 198 3555 cum
222 3493 457 3575 Theophrastus
479 3492 646 3556 nonnullis
669 3493 748 3566 locis
771 3511 841 3556 eam
865 3492 906 3555 ad
927 3511 1027 3555 naves
1049 3492 1262 3556 aedificandas
1291 3493 1435 3558 adhiberi

67 3602 85 3659 t.
133 3599 194 3676 (ex.
220 3618 264 3679 gr.
285 3597 326 3678 V,
351 3599 381 3679 7,
407 3599 434 3661 l.
481 3596 572 3681 ἐλάτη
601 3596 652 3682 μὲν
681 3591 731 3660 οὖν
761 3593 810 3660 καὶ
837 3595 931 3679 πεύκη
962 3593 1013 3660 καὶ
1035 3597 1136 3682 κέδρος
1159 3595 1197 3669 ὡς
1220 3596 1320 3670 ἁπλῶς
1345 3599 1453 3662 εἰπεῖν·

67 3698 195 3784 ρρήσιρα·
226 3701 276 3771 τὰς
302 3700 353 3784 μὲν
376 3702 431 3785 γὰρ
454 3701 580 3787 τριήρεις
602 3698 652 3764 καὶ
674 3702 710 3764 τὰ
734 3700 832 3786 μακρὰ
854 3702 943 3766 πλοῖα
966 3699 1085 3765 startia
1107 3707 1222 3766 ποιοῦσι
1250 3702 1299 3766 διὰ
1326 3702 1434 3789 κουφό-

87 3804 123 3866 roi
148 3803 179 3867 δὲ
204 3805 363 3888 στρογγύλα
392 3805 514 3869 neuntio.
538 3806 586 3868 ue
609 3805 641 3867 τὸ
666 3803 793 3875 ἀσαπές·
823 3804 893 3869 ἔνιοι
916 3804 949 3868 δὲ
972 3802 1022 3869 καὶ
1045 3806 1096 3876 τὰς
1118 3805 1242 3892 τριήρεις
1266 3807 1314 3870 διὰ
1337 3807 1369 3870 τὸ
1394 3809 1433 3892 μὴ

67 3909 108 3970 εῖν
131 3907 258 3992 ἐλάτης.)

81 4032 148 4095 Sub
179 4032 277 4097 finem
308 4054 429 4116 paragr.
460 4031 589 4097 Plinius
618 4033 700 4095 male
731 4032 880 4114 reddidit,
916 4051 998 4114 quae
1028 4012 1262 4117 Theophrastus
1292 4034 1431 4118 praebet.

95 4137 180 4198 enim
207 4137 457 4221 Theophrastus:
495 4136 625 4220 „Spissa
655 4137 749 4200 etiam
780 4142 828 4199 est
856 4136 996 4200 medulla
1025 4136 1157 4220 roboris,
1190 4157 1287 4220 quam
1316 4144 1435 4202 vocant

67 4243 163 4324 »opaca
194 4243 325 4322 spissior
354 4242 448 4304 etiam
477 4241 745 4323 medulla‘cytisi,
777 4260 859 4324 quae
890 4242 1003 4305 similis
1031 4260 1100 4306 esse
1131 4241 1231 4306 ebeno
1263 4242 1432 4323 ridetur“3

66 4364 104 4407 us
129 4365 166 4426 „e
189 4345 322 4427 reliquis
346 4347 521 4409 siccissima
544 4350 592 4409 est
613 4345 704 4424 lotos,
728 4345 802 4409 dein
824 4344 923 4409 robur
941 4345 1197 4410 exalburnatum.
1234 4347 1310 4410 huic
1333 4349 1429 4412 etiam

67 4468 141 4511 cans
172 4449 258 4511 color
280 4454 328 4512 est
350 4451 518 4532 magisque
541 4451 636 4513 etiam
660 4450 773 4530 cytiso,
804 4469 887 4532 quae
917 4469 1075 4533 proxume
1097 4451 1246 4514 accedere
1268 4451 1431 4516 hebenum

67 4554 134 4616 ur“'.
187 4553 226 4616 ln
258 4557 408 4618 extremis
438 4555 536 4637 igitur
564 4553 691 4616 Plinius
720 4555 823 4636 spissa
852 4556 983 4618 materie
1015 4554 1127 4617 harum
1159 4554 1307 4619 arborum
1338 4556 1433 4639 plane

67 4663 122 4720 cta
144 4659 288 4740 loquitur
312 4663 437 4721 tantum
461 4659 499 4721 de
522 4659 613 4740 nigro
634 4658 738 4722 colore
754 4660 912 4739 materiae,
935 4664 976 4740 et,
999 4679 1074 4722 cum
1089 4657 1323 4743 Theophrastus
1347 4660 1432 4724 dicat

67 4783 119 4826 um
143 4764 325 4846 spissiorem
350 4782 419 4827 esse
443 4764 554 4845 ebeno,
578 4762 705 4827 Plinius
728 4765 835 4826 omnia
857 4765 936 4828 haec
959 4763 1053 4828 refert
1076 4764 1116 4827 ad
1139 4764 1276 4828 colorem
1291 4765 1432 4848 nigrum.

1224 4921 1241 4954 b
