3292 5436
893 313 973 380 549.
1017 314 1040 366 Ε
1066 313 1148 368 ramis
1175 330 1302 382 generum
1328 315 1425 370 horum
1452 316 1527 384 pani·

823 397 944 452 cularum
972 399 1049 453 modo
1077 403 1236 455 nucamenta
1263 402 1424 470 squamatim
1454 419 1526 458 com-

823 488 900 552 pacta
927 485 1077 554 dependent
1104 490 1288 556 praeterquam
1315 486 1399 541 larici.
1444 489 1527 542 haec

823 573 952 626 abietis
977 574 1151 628 masculae
1176 575 1320 642 primori
1346 577 1440 642 parte
1464 592 1527 628 nn·

823 658 916 712 oleos
957 659 1099 725 habent,
1139 677 1203 714 non
1245 662 1328 715 item
1369 661 1526 715 feminae.

823 745 913 812 piceae
931 762 994 801 vero
1013 746 1078 801 totis
1104 746 1246 814 paniculis,
1270 749 1419 802 minoribus
1441 750 1527 817 graci-

822 832 988 900 lioribusque
1003 833 1148 901 minumae,
1165 849 1196 887 ao
1215 834 1313 902 nigrae,
1331 837 1438 902 propter
1456 836 1527 903 qnod

823 917 916 971 Graeci
928 919 1140 986 phthirophoron
1153 937 1211 975 eam
1222 920 1364 989 appellant.
1392 921 1421 973 in
1435 920 1528 975 eadem

822 1010 979 1059 nucamenta
1014 1008 1133 1061 maribus
1169 1007 1361 1075 compressiora
1395 1009 1460 1061 sunt
1496 1023 1527 1060 ac

821 1093 912 1146 minus
930 1094 1019 1147 resina
1037 1094 1149 1150 roscida.

134 490 181 552 Ill,
197 490 222 553 9,
235 489 259 543 6.
285 482 336 538 'Fra
356 485 389 539 δέ
407 489 451 556 τῷ
467 491 559 558 κοινῷ
574 490 617 556 τῷ
635 488 692 557 μὲν
711 491 769 540 τοῦ

63 571 209 649 ἄρρενός
248 573 317 626 ἐστι
357 570 467 646 sapae
507 569 578 642 ὀλίγα
619 572 670 625 ἐπὶ
711 577 769 626 τοῦ

62 657 186 734 ἄκρου,
205 660 295 731 τῷδὲ
313 664 372 731 τῆς
391 659 533 731 θηλείας
558 654 640 718 όλως
665 655 769 712 οὐδέν.

136 747 230 800 Cetera
247 746 318 813 apud
336 745 547 813 Theophrastum
565 761 618 799 non
637 747 751 802 exstant.

171 1231 242 1295 Etsi
264 1231 374 1312 verba,
399 1250 482 1314 quae
505 1233 630 1316 signavi
654 1234 740 1316 apud
765 1239 940 1317 utrumque
966 1241 1158 1318 congruunt,
1189 1241 1394 1298 tamencum
1424 1242 1527 1298 cetera

65 1337 156 1421 apud
177 1336 428 1419 Theophrastum
453 1355 518 1399 non
542 1342 679 1418 exstent,
702 1338 908 1402 verisimilius
939 1340 1017 1401 mihi
1039 1340 1166 1403 videtur
1195 1345 1292 1402 totam
1325 1341 1407 1401 hanc
1436 1357 1527 1421 para·
1616 1388 1619 1393 ,

64 1428 378 1524 ςτορλαοιπλίιιιιόο
400 1445 560 1523 sumptam
584 1460 663 1521 esse,
694 1460 769 1504 nam
799 1443 826 1504 si
850 1444 923 1524 quis
951 1443 991 1506 de
1019 1444 1070 1506 his
1098 1445 1301 1506 nucamentis
1331 1444 1527 1506 accuratiora

64 1543 248 1628 praebebat,
280 1544 341 1606 hoc
372 1563 502 1626 quoque
532 1563 607 1609 enm
639 1564 902 1610 commemorasse
931 1553 1009 1629 puto
1041 1549 1075 1610 in
1107 1549 1156 1610 his
1188 1548 1390 1611 nucamentis
1413 1545 1527 1609 abietis

63 1649 228 1713 masculae
249 1649 383 1712 nucleos
405 1650 521 1728 inesse,
543 1668 609 1711 non
632 1649 778 1713 feminae.

170 1751 223 1814 Ex
243 1753 295 1834 iis,
319 1771 401 1834 quae
424 1752 463 1815 de
485 1757 561 1815 taxo
584 1754 618 1815 in
641 1773 763 1836 paragr.
785 1753 829 1817 50
851 1759 882 1817 et
904 1753 945 1818 51
969 1755 1097 1819 Plinius
1121 1756 1208 1836 dicit,
1242 1755 1331 1818 nulla
1354 1754 1415 1816 alia
1438 1751 1525 1835 apud

63 1856 319 1938 Theophrastum
343 1859 482 1936 exstant,
505 1856 569 1918 nisi
593 1875 676 1937 quae
698 1859 789 1919 initio
812 1857 940 1921 Plinius
962 1859 1105 1941 praebet:

118 2013 166 2075 111,
186 2012 227 2076 10,
245 2013 275 2066 2:
304 2008 445 2081 μονογενὴς
471 2010 499 2063 δὲ
520 2011 564 2063 καὶ
582 2006 599 2080 ἠ
619 2011 692 2081 μέλος

62 2098 110 2150 καὶ
129 2093 207 2167 ὁμοία
224 2101 257 2170 τῇ
276 2093 364 2169 ἐλάτη.

893 2009 997 2064 Similis
1015 2011 1060 2065 his
1081 2012 1227 2065 etiamnum
1251 2012 1381 2079 adspectu
1404 2011 1446 2064 est

823 2099 911 2149 taxus.

172 2233 288 2300 Omnia
310 2238 409 2320 igitur
431 2239 509 2300 haec
532 2236 662 2300 aliunde
685 2243 813 2319 sumpta
836 2243 922 2300 sunt.

171 2357 210 2420 ln
241 2360 447 2442 paragraphis
470 2357 598 2424 ,oa-61
632 2356 758 2420 Plinius
788 2358 930 2441 loquitur
965 2359 1003 2421 de
1037 2361 1108 2442 pice
1142 2367 1173 2423 et
1207 2379 1248 2423 ex
1282 2361 1332 2422 lris
1366 2359 1525 2422 nonnulla

61 2460 277 2544 Theophrasto
301 2463 416 2527 debere
439 2463 575 2524 videtur.

133 2613 184 2682 IX,
203 2621 228 2684 2,
248 2621 271 2674 7.
309 2615 340 2670 ill
368 2618 395 2671 δὲ
423 2620 481 2690 περὶ
510 2615 558 2688 τὴν
585 2611 655 2688 Ἴδην
683 2618 767 2689 φασὶν,

63 2697 127 2756 όταν
156 2704 279 2756 λεπίσωσι
306 2702 336 2757 τό
364 2706 488 2778 στέλεχος
516 2704 656 2772 (lectionar
682 2704 711 2756 δὲ
737 2700 767 2756 τὸ

62 2786 129 2862 πρὸς
148 2783 222 2860 ἥλιον
242 2793 320 2863 μέρος
338 2792 380 2844 ἐπὶ
404 2789 449 2844 hdo
475 2787 580 2863 ἢτρεῖς
604 2788 698 2864 πήχεις
717 2785 767 2843 ἀπὸ

60 2881 110 2948 τῆς
143 2876 214 2948 γῆς),
251 2876 364 2931 ἐνταῦθα
397 2882 444 2949 τῆς
478 2878 598 2950 ἐπιρροῆς
628 2878 768 2947 γενομένης

62 2963 170 3034 ἐνὸηιδον
213 2964 322 3034 ἐνιαυτῷ
364 2961 475 3035 μάλιστα
519 2962 646 3035 γίνεσθαι·
690 2967 767 3015 τοῦτο

61 3043 162 3102 δ’όταν
189 3048 406 3121 ἐκπελεκησωσιν,
434 3051 460 3102 ἐν
486 3051 568 3121 ἐτέριρ
592 3046 668 3101 πάλιν
697 3049 769 3119 ἐνδη-

62 3136 185 3189 hohcburi·
216 3139 260 3189 καὶ
287 3136 316 3190 τό
344 3142 429 3208 τρίτον
458 3133 589 3195 ὡσαότως.
637 3133 713 3188 Μετὰ
741 3136 769 3188 δὲ

60 3227 153 3276 ταῦτα’
166 3221 207 3275 διὰ
225 3220 272 3294 τήν
292 3219 427 3294 ὑποτομὴν
453 3224 584 3276 ἐκπίπτειν
609 3220 638 3274 τό
664 3222 767 3294 δένδρον

60 3304 113 3362 ὑπὸ
137 3313 187 3362 τῶν
212 3306 366 3379 πνευμάτων
393 3312 482 3362 σαπέν.
522 3306 588 3362 Τότε
617 3305 640 3360 δ’
660 3308 767 3380 ἐξαιρεῖν

61 3391 144 3448 αὐτοῦ
163 3392 210 3466 τὴν
228 3397 345 3467 καρδίαν.

134 3481 192 3547 58.
228 3479 341 3535 Δόναται
365 3478 399 3545 δ’,
419 3478 451 3541 ὡς
470 3483 546 3545 ἔοικε,
565 3488 633 3553 τρεῖς
657 3478 768 3552 μάλιστα

60 3563 184 3626 τοιαότοις
206 3566 343 3640 ἐξαιρέσεις
363 3565 509 3632 ιὅπομένειν.

134 3654 149 3720 ἓ
171 3659 195 3711 l.
226 3650 263 3708 ‘ll
282 3656 309 3709 δὲ
329 3657 421 3728 ῥητίνη
440 3657 536 3727 γίνεται
555 3651 629 3706 τόνδε
648 3652 692 3708 τὸν
710 3652 768 3726 τρό-

60 3760 126 3793 πον·
158 3741 185 3792 ἐν
213 3742 259 3811 μὲν
287 3746 320 3814 τῇ
351 3740 443 3813 πεύκη,
474 3736 535 3794 όταν
568 3736 764 3812 ἀφελκωθείσης

59 3824 76 3898 ἡ
91 3826 138 3886 δὰς
151 3826 285 3901 ἐξαιρεθῇ·
304 3835 392 3901 συρρεῖ
409 3829 456 3900 γὰρ
471 3829 506 3886 εἰς
521 3825 551 3880 τό
571 3827 678 3898 έλκωμα
690 3831 767 3880 τοῦτο

59 3915 148 3967 πλέων
167 3910 185 3985 ἡ
204 3910 321 3988 ὑγρότης.

892 2619 906 2684 ἕ
925 2620 966 2674 57.
998 2616 1126 2684 Aperitur
1144 2617 1220 2684 picea
1238 2633 1252 2669 e
1272 2621 1344 2684 parte
1364 2617 1453 2685 solari,
1473 2634 1525 2671 non

821 2703 904 2770 plaga,
924 2704 971 2756 sed
987 2703 1096 2756 volnere
1114 2702 1195 2756 ablati
1214 2703 1333 2768 corticis,
1352 2721 1414 2757 cum
1432 2705 1526 2772 pluru-

821 2806 896 2842 mum
920 2789 1036 2858 bipedali
1060 2790 1145 2856 hiatu,
1170 2793 1201 2843 ut
1219 2807 1234 2843 a
1252 2795 1322 2843 terra
1346 2792 1437 2845 cubito
1463 2807 1526 2844 cum

821 2876 973 2929 minumum
991 2877 1069 2930 absit.
1097 2893 1145 2930 nec
1159 2877 1262 2945 corpori
1280 2879 1334 2945 ipsi
1348 2879 1473 2945 parcitur,
1493 2881 1525 2930 ut

821 2961 850 3014 in
880 2962 990 3028 celeria,
1021 2963 1147 3030 qnoniam
1174 2963 1264 3016 ossula
1293 2965 1321 3016 in
1352 2965 1442 3017 fructu
1471 2967 1523 3016 est.

822 3063 916 3100 verum
934 3047 999 3101 haec
1019 3065 1148 3116 proxuma
1172 3050 1302 3116 laudatur,
1327 3050 1405 3103 altior
1428 3050 1524 3102 amari-

822 3135 944 3187 tudinem
970 3135 1061 3188 adfert.
1103 3139 1195 3203 postea
1219 3152 1296 3190 umor
1320 3137 1407 3189 omnis
1431 3152 1445 3190 e
1469 3138 1525 3190 tota

822 3221 934 3273 confluit
951 3220 979 3272 in
998 3222 1086 3287 ulnae,
1104 3222 1170 3274 item
1189 3223 1217 3274 in
1236 3222 1319 3274 taeda.

891 3309 961 3374 §bia
988 3323 1050 3360 oum
1068 3308 1096 3360 id
1115 3325 1220 3362 manare
1234 3308 1324 3375 desiit,
1345 3307 1429 3361 simili
1444 3309 1523 3361 modo

821 3410 855 3445 ex
873 3393 925 3446 alia
944 3396 1017 3460 parte
1035 3395 1153 3462 aperitur
1171 3412 1200 3465 ac
1219 3395 1315 3448 deinde
1337 3394 1396 3447 alia.
1433 3398 1525 3462 postea

820 3482 876 3534 tota
894 3480 970 3532 arbor
988 3481 1141 3534 succiditur
1165 3484 1192 3534 et
1210 3477 1327 3535 medulla
1350 3482 1410 3534 eius
1427 3481 1523 3534 mitur.

167 4052 257 4117 Haec
279 4074 359 4116 num
383 4053 509 4116 Plinius
540 4072 581 4116 ex
603 4051 817 4136 Theophrasto
847 4053 916 4135 ipso
947 4058 1115 4116 mutuatus
1149 4055 1200 4128 sit,
1237 4053 1375 4117 dubitari
1409 4060 1522 4138 potest,

59 4177 138 4220 nam
173 4157 331 4240 permulta
366 4177 408 4220 ex
434 4159 486 4238 iis,
523 4176 605 4239 quae
636 4157 687 4220 hic
721 4162 1021 4239 commemorantur,
1055 4158 1140 4240 apud
1173 4157 1423 4241 Theophrastum
1457 4179 1522 4221 non

60 4268 198 4327 exstant.
259 4261 334 4324 Non
376 4268 601 4324 commemorat
640 4260 874 4344 Theophrastus
920 4261 1040 4323 hiatum
1087 4280 1156 4324 esse
1198 4262 1393 4345 bipedalem;
1440 4263 1523 4327 duae

60 4368 238 4432 sententiae
264 4385 345 4449 quae
370 4366 484 4429 deinde
507 4371 672 4446 secuntur,
695 4365 780 4449 apud
803 4364 1055 4447 Theophrastum
1085 4384 1149 4428 non
1174 4372 1310 4446 exstant,
1339 4385 1446 4449 neque
1469 4366 1523 4430 illa

61 4472 158 4551 „item
183 4472 217 4533 in
241 4469 361 4550 taeda“,
392 4489 474 4552 quae
498 4475 625 4533 exstant
646 4471 681 4531 in
705 4469 769 4531 fine
792 4488 913 4550 paragr.
931 4470 972 4535 57
997 4477 1028 4532 et
1052 4489 1134 4551 quae
1162 4472 1277 4532 vitiosa
1299 4489 1368 4533 esse
1390 4470 1522 4533 Schnei-

60 4575 157 4638 derus
181 4581 280 4657 putat.
325 4574 388 4638 Sed
417 4573 486 4638 fieri
516 4577 628 4657 potuit,
656 4580 694 4636 ut
721 4573 848 4636 Plinius
877 4574 955 4636 haec
986 4572 1116 4637 aliunde
1146 4579 1296 4654 sumeret,
1321 4593 1394 4636 cnm
1418 4582 1522 4636 cetera

59 4678 275 4761 Theophrasto
300 4679 433 4744 deberet.
481 4679 565 4742 Certi
589 4680 762 4761 quicquam
786 4677 978 4741 contendere
1000 4698 1066 4741 non
1090 4679 1201 4742 audeo.
