3292 5436
67 548 89 615 l,
117 555 142 613 9,
167 554 192 607 6.
231 548 355 622 ΙἸορεῖα
381 551 413 604 δὲ
438 552 570 621 γίνεται
596 555 641 623 μὲν
663 553 693 604 ἐκ

67 659 102 699 ιν,
132 632 252 709 ἀριστα
277 639 312 700 δὲ,
343 633 377 696 ὥς
403 658 465 710 φησι
485 635 633 712 λίενέστωρ,
658 640 693 691 ἐκ

69 729 123 776 οῦ·
150 720 262 797 τάχιστοι
289 721 337 796 γὰρ
363 727 406 778 καὶ
431 726 549 778 πλεῖστον
578 721 693 779 ἀναπνεῖ.

67 831 98 862 ον
136 812 164 863 δέ
197 831 273 883 φασιν
311 806 446 883 ἀριστον
484 815 541 883 μέν
572 813 607 865 ἐκ
636 818 694 884 τῆς

67 900 184 968 ιγένης
212 899 379 970 καλουμένης
404 895 453 951 ὑπό
478 919 562 952 τινων.
610 897 694 952 Τοῦτο

67 987 84 1037 :i
114 986 218 1057 δένδρον
247 979 365 1055 ὅμοιον
392 991 425 1057 τῇ
454 981 563 1058 ἀμπέλῳ
588 988 632 1038 καὶ
656 991 693 1059 τῇ

72 1071 135 1143 νδῃ
167 1076 205 1143 τῇ
236 1067 350 1144 ἀγρία·
388 1067 475 1144 ὥσπερ
505 1073 605 1135 ἐκεῖνα,
638 1078 695 1126 καί

77 1179 91 1210 ο
112 1155 292 1228 ἀναβαίνει
311 1156 392 1230 πρὸς
411 1156 449 1210 τά
468 1159 598 1231 δένδρα.

67 1250 84 1301 l,
128 1244 174 1298 Δεῖ
203 1246 230 1298 δὲ
259 1244 318 1316 τὴν
351 1242 499 1318 έσχάραν
536 1245 565 1296 ἐκ
594 1242 694 1298 τούτων

67 1354 80 1397 r,
108 1331 143 1385 τὸ
172 1335 205 1386 δέ
231 1330 403 1404 τρύπανον
431 1333 466 1383 ἐκ
493 1328 636 1404 δάφνης·
665 1327 695 1385 οὗ

67 1419 94 1471 la
118 1425 163 1473 τοῦ
190 1416 270 1473 edroi
295 1418 324 1472 τὸ
348 1422 438 1471 ποιοῦν
463 1421 508 1471 καὶ
531 1416 562 1471 τδ
585 1415 695 1492 πάσχον,

67 1507 151 1578 ἕτερον
171 1503 247 1565 εὐθὺς
266 1506 305 1558 δεῖ
322 1505 386 1557 εἶναι
404 1504 473 1558 κατὰ
492 1503 581 1578 piola·
602 1509 647 1558 καὶ
667 1506 695 1558 rh

67 1600 98 1646 ίεῖ
116 1591 259 1663 παθητικὸν
280 1592 351 1654 εἶναι,
370 1591 399 1644 τὸ
418 1593 446 1645 δὲ
465 1589 608 1663 ποιητικόν.

816 381 831 447 ἐ
850 383 912 437 208.
943 379 1148 448 Exploratorum
1166 381 1217 434 hoo
1230 396 1297 434 usus
1310 381 1339 433 iu
1353 379 1450 434 castris

746 468 935 534 pastorumque
946 467 1071 535 repperit,
1084 460 1210 536 q'uoniam
1218 468 1252 522 ad
1261 469 1450 522 excudendum
1503 494 1506 500 ·

746 554 837 620 ignem
855 569 908 606 non
926 569 1031 620 semper
1043 553 1142 622 lapidis
1154 554 1259 609 oooaeio
1273 557 1322 608 est.
1354 554 1451 608 teritur

747 655 809 706 ergo
827 639 932 708 lignum
950 639 1023 708 ligno
1042 642 1185 709 ignemque
1210 641 1328 708 coneipit
1346 641 1450 706 attritu,

747 725 899 793 excipiente
926 728 1037 781 materia
1064 727 1132 781 aridi
1158 728 1276 796 fomitis,
1303 727 1379 796 iungi
1405 728 1451 780 rel

748 811 872 865 loliorum
907 813 1034 868 facillimo
1068 817 1208 882 oonoeptu.
1261 812 1320 867 sed
1357 813 1451 866 nihil

746 896 874 952 hedera
904 903 1148 967 praestantius
1178 917 1264 969 quae
1297 902 1450 968 teratur,

747 984 859 1053 lauro,
883 1002 967 1055 quae
995 990 1091 1042 terat.
1127 988 1294 1055 probatur
1311 990 1344 1041 et
1360 988 1451 1041 vitis

748 1070 934 1126 silvestris
970 1076 1040 1128 alia
1070 1091 1169 1144 quam
1201 1073 1381 1141 labrusca,
1417 1078 1452 1128 et

747 1158 824 1226 ipsa
847 1159 959 1213 hederae
984 1161 1062 1214 modo
1087 1146 1244 1216 arborem
1269 1163 1450 1218 scandens.

99 1713 192 1793 Cum,
227 1732 310 1796 quae
344 1715 435 1776 initio
470 1714 598 1777 Plinius
632 1716 769 1799 praehet,
804 1717 891 1798 apud
925 1717 1174 1800 Theophrastum
1209 1738 1274 1781 non
1309 1725 1448 1800 exstent,

67 1839 94 1880 :a
125 1837 256 1900 quoque
287 1817 399 1880 dubito
430 1822 540 1881 utrum
570 1817 783 1902 Theophrasto
817 1823 879 1903 ipsi
911 1820 1087 1885 debeantur
1120 1842 1162 1884 an
1191 1823 1295 1886 eidem
1325 1827 1447 1886 auotori

71 1942 88 1986 e
114 1941 162 2001 ea,
186 1941 269 2004 quae
293 1922 497 2002 antecedunt,
522 1925 579 2004 qui
601 1925 670 2006 ipse
693 1944 774 1987 usus
797 1932 863 1989 erat
885 1925 1106 2008 Theophrasto.

67 2061 95 2125 V,
114 2065 139 2123 3,
157 2066 181 2117 4,
225 2059 429 2133 Ψυχρότατα
454 2062 486 2114 δὲ
511 2060 549 2114 τὰ
574 2063 695 2135 ἔνυδρα

76 2145 242 2218 δδατώδη.
286 2144 349 2200 Καὶ
376 2149 520 2222 γλίσχρα
547 2150 574 2202 δὲ
600 2147 636 2202 τοί
661 2170 695 2203 τε

67 2257 101 2289 να
120 2229 319 2304 καίάμπέλινα·
340 2233 387 2287 διδ
406 2235 532 2295 καὶτὰς
552 2233 693 2296 ἀσπίδας

67 2321 177 2375 ον’των
197 2326 347 2374 ποιοῦσι1
374 2320 517 2393 συμμύει
538 2322 593 2395 peip
613 2325 695 2394 πλη-

75 2430 104 2461 α·
138 2406 350 2481 κουφότερον
379 2410 411 2462 δὲ
441 2407 474 2462 τὸ
503 2415 561 2480 τῆς
590 2411 694 2472 ίτέας,

67 2517 135 2569 τερον
166 2495 226 2567 γὰρ,
258 2494 308 2548 διὸ
339 2497 395 2547 καὶ
426 2494 534 2566 τούτῳ
566 2497 693 2566 μᾶλλον

67 2604 150 2636 vwl.

67 2668 112 2734 ΠΙ,
124 2674 164 2735 10,
174 2675 199 2726 4.
229 2676 275 2741 τῆς
292 2670 396 2740 ίληλείας
415 2669 462 2733 (se.
473 2667 592 2743 φιλύρας)
605 2668 696 2723 λεπτό-

75 2759 120 2810 aul
130 2753 273 2828 εὐκαμπὴς,
287 2756 312 2815 έξ
328 2752 362 2808 οὗ
377 2754 432 2815 τὰς
448 2758 561 2817 κίστας
573 2762 697 2812 ποιοῦσιν.

67 2843 96 2911 V,
122 2849 146 2908 7,
172 2848 196 2899 2.
234 2845 327 2916 φίλνρα
453 2845 507 2920 ἔχει
532 2846 560 2898 δὲ
584 2847 628 2899 καὶ
652 2844 697 2900 τὸν

67 2952 82 2984 ν
102 2929 230 3006 χρήσιμον
254 2929 317 3003 πρός
336 2952 364 2984 τε
383 2929 416 2984 τὰ
434 2932 536 3006 σχοίνια
554 2935 599 2986 καὶ
617 2932 698 3005 πρὸς

67 3020 198 3076 κίστας.

67 3111 86 3163 l.
115 3106 208 3176 ίτέαδὲ
223 3105 270 3169 (se.
282 3105 407 3178 χρῶνται)
422 3103 486 3176 πρός
495 3126 524 3158 τε
533 3104 580 3164 τάς
591 3102 699 3165 ἀσπίδας

67 3191 125 3251 τάς
144 3193 259 3250 κίστας
277 3192 372 3245 καὶτὰ
390 3188 458 3244 κανᾶ
476 3194 520 3244 καὶ
537 3188 629 3246 τᾶλλα.

67 3277 170 3330 Vitrur.
195 3277 230 3343 ll,
259 3285 283 3343 t),
311 3285 335 3336 9.
377 3276 534 3344 Populus
563 3278 639 3332 alba
666 3283 699 3331 et

67 3381 108 3431 ·a,
133 3365 197 3416 item
217 3364 324 3430 salix,
349 3365 446 3432 tilia,
471 3366 548 3418 vitex
571 3365 644 3432 iguis
672 3370 699 3418 et

84 3451 202 3505 habendo
221 3451 380 3521 satietatem,
400 3453 523 3506 humoris
541 3454 696 3520 temperate,

67 3555 88 3590 ,n
111 3538 201 3592 autern
224 3539 323 3591 terreni
347 3539 483 3606 habenteS,
508 3539 605 3592 leviori
631 3541 698 3592 tern-

68 3641 118 3678 ura
153 3628 317 3693 comparatae
358 3627 533 3693 egregiam
573 3626 698 3679 habere

67 3716 164 3766 antur
190 3713 226 3764 in
252 3729 317 3765 usu
342 3713 573 3780 rigiditatem.
630 3711 698 3778 Ergo

74 3815 130 3854 non
147 3799 204 3852 sint
221 3800 301 3852 durae
320 3800 419 3852 terreni
432 3799 572 3864 mixtione,
593 3803 699 3864 propter

67 3889 131 3938 rtem
156 3890 219 3942 sunt
243 3886 357 3953 ualidae,
386 3888 413 3939 et
437 3887 471 3938 in
497 3883 700 3952 sculpturis

67 3972 194 4025 modam
213 3977 383 4039 praestant
401 3971 699 4026 tractabilitatem.

67 4076 97 4143 V,
117 4081 141 4143 3,
160 4081 184 4133 4.
228 4075 269 4130 'l‘t
293 4079 327 4130 δὲ
350 4081 408 4148 τῆς
431 4075 606 4130 πλατάνου
630 4078 699 4148 γλι-

67 4162 168 4235 ίτητα
199 4167 256 4235 μὲν
288 4165 373 4238 ἔχει,
410 4161 507 4235 φύσει
537 4165 570 4217 δὲ
602 4159 699 4234 ἀγρό-

67 4272 92 4302 ιν
120 4255 222 4304 τοῦτο
251 4253 295 4304 καί
322 4249 352 4304 τδ
378 4256 436 4323 τῆς
464 4252 699 4308 πτελέας

73 4342 86 4391 ὲ
105 4339 293 4408 συκαμίνου
312 4336 434 4391 πυκνὸν
449 4332 502 4408 ἀμα
516 4338 560 4389 καί
571 4338 701 4410 γλίσχρον.

67 4426 172 4478 Vitruv.
184 4425 219 4491 Il,
233 4431 257 4489 9,
274 4430 313 4482 11.
347 4424 445 4476 Ulmus
464 4439 527 4476 vero
540 4427 567 4474 et
579 4423 701 4477 fraxinus

67 4529 127 4567 mos
154 4513 254 4566 habent
270 4511 396 4564 humores
414 4510 613 4576 minimumque
630 4509 701 4561 airis

67 4601 113 4661 rie,
133 4600 180 4653 sed
199 4598 300 4656 terreni¹
316 4599 460 4665 temperata
477 4595 610 4649 mixtione
627 4611 701 4648 uom-

67 4704 106 4750 ae,
132 4692 196 4740 sunt
219 4687 248 4736 iu
275 4684 415 4751 operibus,
443 4700 506 4736 cum
529 4683 701 4749 fabricantur,

67 4791 88 4828 Β.

819 2065 912 2130 ἓδῦθ.
949 2064 1200 2131 Frigidissimu
1219 2079 1454 2133 quaecumque

748 2153 926 2220 aquatica,
950 2151 1156 2206 lentissima
1179 2154 1293 2204 autem
1317 2153 1351 2204 et
1374 2152 1453 2205 ideo

748 2238 1058 2294 soutiafaeiendis
1081 2238 1281 2306 aptissima,
1310 2253 1455 2306 quorum

748 2324 847 2392 plaga
871 2326 1054 2379 contrahit
1079 2341 1113 2378 se
1133 2326 1300 2392 protinus
1319 2324 1455 2378 eludit·

749 2428 811 2479 que
837 2427 936 2464 suum
954 2410 1086 2479 ,volnus
1111 2414 1138 2465 et
1162 2412 1195 2464 ob
1220 2412 1250 2464 id
1268 2411 1455 2465 contumacius

747 2498 874 2550 tramittit
899 2499 1013 2564 ferrum,
1051 2499 1078 2551 in
1106 2515 1159 2567 quo
1187 2501 1251 2551 sunt
1278 2513 1372 2565 genere
1401 2499 1455 2566 fioi,

749 2584 856 2653 salix,
883 2583 980 2651 tilia,
1010 2585 1118 2651 betulla,
1144 2584 1269 2651 sabucus,
1301 2584 1456 2652 populus

749 2675 905 2741 utraque.
959 2671 1146 2725 levissima
1176 2688 1218 2726 ox
1243 2672 1300 2725 his
1327 2672 1396 2727 fieus
1423 2673 1457 2724 et

751 2760 845 2814 salix
871 2760 1020 2827 ideoque
1051 2758 1282 2812 utilissimae.
1338 2774 1455 2812 omnes

750 2850 865 2900 autem
895 2848 934 2901 ad
964 2847 1073 2900 cistas
1111 2862 1230 2915 quaeque
1265 2845 1352 2899 flexili
1384 2848 1455 2899 orate

752 2936 881 2988 constent.
918 2933 1047 2986 habent
1070 2936 1103 2985 et
1125 2933 1266 2986 eandorem
1289 2933 1454 3000 rigorem·

752 3023 868 3090 quaet
887 3020 921 3071 in
940 3019 1385 3086 sculpturisfaoilitatem.

823 4074 920 4149 §2102
960 4072 1025 4126 Est
1046 4071 1193 4126 lentitia
1217 4072 1371 4140 platano,
1396 4072 1456 4125 sed

752 4161 903 4228 madida,
922 4159 995 4213 siout
1012 4158 1096 4213 alno.
1131 4158 1332 4214 siooioreadem
1350 4157 1456 4226 ulmo,

753 4247 905 4315 fraxino,
924 4263 1024 4315 moro,
1042 4262 1141 4314 ceraso,
1154 4247 1210 4300 sed
1223 4245 1455 4313 ponderosior.
