3292 5436
813 117 855 181 65

88 327 292 406 rectamque
325 329 424 407 gerat.
482 321 554 387 Tria
592 325 692 406 igitur
734 325 916 407 germinum
957 344 1075 409 genera
1106 325 1341 410 Theophrastus
1382 334 1566 394 enumerat:

94 427 219 489 helicis
241 424 499 511 ἀποκιττουμὲνης,
524 447 608 511 quae
631 429 737 492 statim
759 435 846 492 recta
869 429 944 510 sint,
967 435 1143 493 ceterorum
1165 430 1276 494 helicis
1296 450 1461 514 generum,
1485 453 1567 516 quae

88 529 231 594 deflexa
254 532 332 614 sint,
358 531 503 613 hederae,
534 551 627 614 quae,
657 551 732 596 cum
762 551 870 611 semen
899 532 1025 615 prodire
1046 533 1212 617 inceperit,
1243 533 1395 598 sublimia
1416 542 1568 621 rectaque

89 636 176 697 sint.
223 633 276 696 Ex
298 635 349 698 his
371 636 456 719 prim
464 654 519 698 um
544 640 575 698 et
597 636 727 699 tertium
750 637 953 699 commiscuit
967 634 1106 715 Plinius,
1129 643 1161 701 et
1183 657 1257 702 cum
1281 640 1313 701 in
1331 641 1433 722 primo
1449 659 1567 724 genere

81 758 155 821 pro
180 739 353 822 ,,βλαστοῖς“
376 740 455 823 legit
484 740 640 822 ,,μαστοῖς“
664 758 701 803 eo
724 739 883 803 adductus
903 746 961 821 est,
983 745 1021 802 ut
1035 739 1186 805 scriberet
1210 761 1385 823 „mammas
1401 745 1564 826 erigentis,

96 861 189 925 quae
221 850 299 906 sunt
324 845 436 907 ceteris
458 842 608 924 inflexae,
639 844 757 906 racemi
780 849 899 907 stantes
922 863 959 907 ac
982 842 1154 927 subrecti‘,
1184 864 1267 929 quae
1299 845 1394 910 verba
1417 853 1501 912 certe
1523 868 1565 912 ne

91 945 232 1008 Plinius
261 948 330 1028 ipse
363 947 492 1029 quidem
523 947 691 1011 intellexit.
748 945 907 1027 (Ceterum
945 947 1139 1011 vocabulum
1175 950 1333 1030 „racemi‘
1366 951 1474 1033 ipsum
1508 951 1561 1015 hic

82 1052 250 1132 ineptum
274 1052 343 1135 est.)

206 1154 316 1218 Totam
338 1156 422 1218 hanc
443 1160 564 1238 partem
587 1154 663 1218 inde
686 1175 704 1216 a
727 1174 849 1237 paragr.
869 1153 944 1235 145,
970 1174 1034 1236 qua
1056 1155 1096 1218 de
1118 1155 1233 1220 hedera
1256 1156 1400 1241 loquitur
1421 1157 1565 1240 Plinius,

82 1259 315 1341 ‘Theophrasto
338 1258 446 1323 deberi
467 1277 520 1321 me
544 1258 675 1340 quidem
697 1257 805 1321 iudice
830 1258 901 1321 sine
923 1257 990 1321 ullo
1015 1257 1113 1322 dubio
1136 1264 1268 1323 constat.

203 1377 357 1443 Extrema
401 1399 524 1464 paragr.
566 1378 627 1443 152
674 1381 832 1443 sententia
878 1399 944 1443 non
983 1399 1024 1443 ex
1061 1380 1291 1464 Theophrasto,
1336 1382 1392 1446 sed
1429 1382 1561 1446 aliunde

96 1489 232 1566 sumpta
255 1489 311 1547 est.

161 1619 215 1687 III,
244 1625 285 1690 18,
316 1624 356 1678 ll.
397 1616 432 1673 ‘H
460 1621 494 1676 δὲ
522 1617 646 1691 σμῖλοίξ
673 1622 727 1673 ἐστι
755 1623 801 1691 μὲν

88 1704 300 1771 ,ἐπαλλύκαυλοκ
326 1703 339 1762 ὁ
359 1708 387 1761 δὲ
412 1706 508 1766 καυλὸς
534 1703 733 1778 ἀκανθώδης
757 1708 802 1760 καί

94 1791 180 1868 ὥσπερ
201 1790 393 1867 ύρθοσίκανθος·
418 1792 454 1848 τὸ
480 1795 514 1848 δὲ
537 1791 664 1867 φύλλον
683 1798 802 1847 κιττῶ-

87 1884 162 1946 -ὃες,
194 1878 329 1955 μικρόν,
359 1877 517 1952 ἀγώνιον,
542 1878 611 1934 κατὰ
634 1879 682 1952 τὴν
708 1880 802 1954 μίσχου

93 1967 240 2044 πρόσφυσιν
267 1965 387 2040 νοτηρόν.
425 1962 502 2021 ”Idaea
532 1963 554 2019 δ’
569 1963 607 2021 ὅτι
633 1964 682 2038 τήν
707 1986 736 2020 τε
761 1964 802 2020 διὰ

86 2059 175 2128 μέσου
193 2051 293 2126 ταύτην
312 2048 396 2127 ὥσπερ
417 2051 492 2129 ῥοίχιν
507 2052 603 2125 λεπτὴν
618 2054 680 2128 ἔχει,
699 2055 744 2106 καὶ
755 2052 802 2112 τὰς

86 2142 252 2215 στημονίους
276 2137 411 2213 διαλήψεις
436 2138 484 2195 ούκ
509 2137 560 2195 ἀπὸ
584 2138 689 2213 ταύτης,
715 2136 801 2213 ὥσπερ

90 2227 125 2284 τὰ
153 2232 207 2283 τῶν
236 2223 333 2290 ἄλλων,
365 2225 432 2281 ἀλλὰ
461 2229 520 2302 περὶ
548 2224 629 2298 αὐτὴν
657 2233 802 2300 περιφερεῖς

88 2312 211 2387 ἠγμένος
235 2309 285 2368 ἀπὸ
310 2319 357 2385 τῆς
380 2312 551 2388 προσφύσεως
574 2319 621 2368 τοῦ
646 2313 741 2388 μίσχου
768 2318 807 2384 τῷ

91 2399 198 2476 φύλλῳ.
233 2399 308 2473 Παρὰ
337 2401 364 2454 δὲ
392 2405 439 2454 τοῦ
462 2401 560 2454 καυλοῦ
584 2397 618 2453 τὰ
642 2397 740 2470 γόνατα
758 2401 803 2453 καὶ

91 2485 169 2562 παρὰ
199 2485 246 2548 τὰς
276 2485 410 2561 διαλήψεις
440 2485 487 2547 τοὶς
518 2484 643 2560 φυλλικὰς
675 2487 711 2539 ἐκ
741 2491 801 2538 τῶν

89 2571 205 2630 αὐτῶν
242 2576 372 2649 μίσχοιν
414 2581 485 2634 τοῖς
522 2570 662 2646 φύλλοις
697 2592 802 2646 παρα-

85 2665 245 2736 πέφυκεν
287 2661 402 2721 ἴουλος
443 2658 536 2719 λεπτὸς
576 2661 621 2712 καὶ
655 2655 801 2717 ἑλικτύς.

76 2744 203 2808 Ἄνθος
223 2748 257 2802 δὲ
275 2746 397 2802 λευκὸν
421 2749 478 2801 καὶ
497 2742 618 2806 εὐῶδες
635 2747 801 2820 λείρινον·

926 1623 942 1688 ξ
972 1625 1030 1680 153,
1078 1621 1183 1675 Similis
1212 1624 1256 1676 est
1283 1621 1398 1676 hederae
1424 1638 1439 1675 e
1467 1622 1565 1678 Cilicia

855 1706 966 1775 quidem
992 1707 1110 1775 primum
1128 1709 1244 1776 profecta
1262 1709 1310 1762 sed
1328 1709 1357 1761 in
1376 1710 1486 1762 Graecia
1510 1711 1562 1764 fre·

855 1793 989 1861 quentior,
1016 1810 1096 1862 quam
1122 1797 1220 1849 vocant
1247 1794 1442 1862 zmilacem,
1471 1796 1563 1850 densis

854 1879 1006 1948 geniculata
1041 1880 1179 1947 caulibus,
1221 1881 1380 1948 spinosis
1416 1882 1563 1936 hutectosa

854 1965 951 2032 ramis,
984 1967 1072 2021 folio
1101 1967 1309 2034 hederacec,
1345 1983 1466 2035 parvo,
1496 1985 1562 2022 non

854 2052 1038 2121 anguloso,
1056 2071 1072 2108 a
1090 2054 1253 2122 pediculo
1271 2055 1454 2109 emittente
1472 2071 1561 2123 parn-

855 2139 972 2210 pinos‚
995 2140 1083 2195 flore
1105 2141 1267 2208 candido,
1293 2140 1408 2194 olente
1432 2141 1560 2196 lilium.

925 2228 942 2294 ξ
971 2230 1029 2286 154.
1081 2229 1151 2281 lert
1184 2241 1340 2282 racemos
1375 2226 1561 2283 labruscae

855 2312 965 2382 ruodo,
989 2330 1043 2367 non
1059 2314 1181 2381 hederae,
1205 2314 1321 2368 colore
1339 2313 1456 2383 rubro,
1481 2331 1560 2370 oon-

854 2397 957 2466 plexa
1003 2401 1120 2454 acinis
1167 2400 1368 2454 maioribus
1414 2402 1560 2456 nucleos

855 2487 988 2554 terroe,
1010 2486 1210 2541 minoribus
1235 2487 1413 2554 singuloS,
1437 2487 1560 2556 nigros

855 2571 1045 2641 durosque,
1087 2572 1204 2627 infausta
1244 2573 1370 2628 omnibus
1412 2573 1496 2627 sacris
1533 2577 1561 2628 et

855 2658 969 2725 coronis,
1000 2660 1127 2729 quoniam
1155 2660 1193 2714 sit
1219 2659 1342 2728 lugubris
1370 2659 1476 2727 virgine
1499 2661 1559 2715 eius

854 2745 972 2799 nominis
990 2747 1098 2815 propter
1110 2763 1225 2802 amorem
1238 2746 1347 2800 iuvenis
1361 2746 1441 2801 Croci
1458 2749 1561 2802 mutata

83 2834 146 2890 τὸν
179 2835 215 2889 δὲ
247 2832 374 2908 καρπὸν
407 2834 477 2908 ἔχει
506 2837 731 2907 προσεμφερῆ
767 2837 805 2903 τῷ
854 2832 884 2884 in
902 2832 1124 2888 huncfruticem.

87 2919 216 2996 στρύχνιρ
241 2923 341 2993 καὶτῷ
361 2918 501 2995 μηλώθριρ,
524 2922 569 2974 καὶ
594 2917 739 2991 μάλιστα
761 2923 800 2991 τῇ

79 3010 293 3080 καλουμένῃ
314 3009 467 3080 σταφυλῇ
487 3003 592 3080 ἀγρίᾳ.

161 3115 204 3171 12.
246 3108 465 3184 Κατακρέμαστοι
490 3108 514 3163 δ’
534 3111 558 3164 ol
584 3107 687 3183 βότρυες
710 3113 800 3162 κιττοῦ

79 3198 202 3274 τρόπον·
240 3199 420 3272 παρεγγίζουσι
457 3199 485 3250 δὲ
518 3197 616 3269 μᾶλλον
652 3195 717 3269 πρὸς
738 3196 800 3268 τὴν

90 3282 245 3361 σταφυλήν·
271 3282 322 3339 ἀπὸ
346 3283 394 3358 γὰρ
416 3283 472 3344 ἑνὸς
492 3283 600 3356 σημείου
626 3284 650 3337 oi
669 3283 757 3357 μίσχοι
776 3283 800 3336 οἱ

81 3374 202 3448 poa-praei.
248 3369 281 3428 ‘O
312 3373 345 3426 δὲ
372 3369 502 3444 καρπὸς
530 3369 685 3444 ἐρυθρὸς,
713 3371 799 3444 ἔχων

84 3463 243 3531 πυρῆνας
266 3457 302 3512 τὸ
322 3460 367 3529 μὲν
388 3459 481 3512 ἐπίπαν
501 3454 554 3521 δύο,
580 3459 613 3511 ἐν
636 3462 710 3517 τοῖς
729 3457 799 3528 μεί-

81 3550 165 3608 ζοσι
185 3544 213 3599 δὲ
229 3550 336 3617 τρεῖς,
362 3545 394 3598 ἐν
419 3545 453 3599 δὲ
476 3550 548 3603 τοῖς
567 3551 704 3618 μικροῖς
725 3544 799 3607 ἕνα·

78 3629 240 3704 σκληρὸς
259 3627 309 3685 δ’ὁ
328 3630 435 3704 πυρὴν
454 3626 702 3703 εύμοίλα,καίτι”ρ
717 3628 799 3705 χρώ-

82 3738 173 3792 ματι
193 3718 298 3789 μέλας
317 3718 423 3779 ἔξωθεν.

197 3839 287 3916 Quae
323 3840 383 3904 sub
418 3840 515 3904 finem
550 3861 671 3925 paragr.
703 3839 765 3904 154
800 3844 831 3904 et
863 3841 899 3901 in
933 3859 1056 3923 paragr.
1088 3838 1150 3904 155
1183 3841 1310 3904 Plinius
1344 3839 1431 3920 dicit,
1467 3839 1553 3923 apud

87 3945 350 4028 Theophrastum
373 3966 439 4009 non
463 3951 600 4010 exstant.

196 4066 314 4148 Verba,
340 4087 422 4150 quae
444 4068 557 4131 litteris
572 4068 669 4130 latius
685 4065 846 4148 dispositis
863 4065 1000 4147 signavi,
1024 4065 1104 4149 quin
1127 4084 1170 4129 ex
1183 4064 1396 4149 Theophrasto
1421 4073 1549 4151 sumpta

83 4175 169 4249 sint,
192 4171 344 4253 equidem
366 4191 431 4235 non
455 4170 576 4235 dubito.
622 4170 685 4235 Sed
709 4170 797 4233 unde
820 4170 915 4233 duxit
936 4167 1065 4232 Plinius
1088 4168 1187 4233 verba
1212 4169 1341 4251 „densis
1364 4171 1547 4251 geniculata

83 4274 287 4341 caulibus“?
342 4273 426 4340 Male
459 4275 658 4339 intellexisse
692 4273 822 4338 videtur
855 4273 1051 4337 vocabulum
1085 4271 1352 4350 ,,ἐπαλλόκαολον“,
1388 4274 1474 4358 quod
1503 4282 1550 4340 est

82 4384 148 4464 „in
171 4380 286 4443 alienis
310 4377 463 4462 stirpibus
486 4379 619 4443 vivens“
646 4398 707 4461 „an
731 4380 837 4443 einem
854 4378 998 4443 fremden
1014 4377 1155 4442 Stamme
1172 4378 1246 4442 'sich
1264 4378 1550 4460 emporrankcnd“.

83 4484 220 4550 Plinius
250 4483 311 4546 hoc
342 4481 535 4547 vocabulum
563 4484 790 4566 interpretatus
820 4502 889 4546 esse
917 4483 1054 4565 videtur,
1091 4482 1183 4565 quasi
1211 4481 1322 4566 legerit
1349 4481 1551 4565 „inulla-

77 4587 302 4654 λόκαυλον“
334 4586 432 4670 (quod
455 4587 606 4670 ipsumne
628 4586 747 4670 legerit,
777 4586 908 4669 dubito),
939 4588 959 4652 i.
983 4605 1008 4650 e.
1032 4580 1138 4663 ‚dala
1166 4585 1275 4656 καυλὸς
1298 4582 1346 4647 ἐπ’
1362 4579 1445 4670 ἄλλῳ
1469 4584 1548 4650 ἐστί’

79 4693 195 4778 „alius
226 4692 327 4758 caulis
357 4710 399 4755 ex
426 4691 487 4754 alio
521 4691 679 4776 procedit‘
721 4695 752 4754 et
781 4691 865 4754 hanc
895 4691 1087 4755 sententiam
1117 4689 1295 4774 explicasse
1325 4708 1381 4772 per
1416 4689 1546 4772 „densis

1329 4846 1343 4888 b
