3292 5436
800 159 844 222 90

88 369 251 432 sustinere
275 366 395 430 validas
419 385 489 430 esse
511 366 648 429 abietem
668 372 698 429 et
713 367 844 429 laricem
869 372 1066 430 transversas
1089 367 1209 449 positas
1234 366 1440 429 ictuatum
1461 372 1526 443 tuuc,
1567 400 1570 405 ·

89 492 166 537 cum
191 473 256 534 sint
277 476 476 534 transversae
499 473 630 552 positae.
648 506 688 517 -
712 470 942 535 Adnotandum
968 474 1016 533 est
1031 470 1082 533 hic
1101 487 1224 549 rursm,
1248 474 1287 532 ut
1301 469 1336 531 in
1353 489 1470 553 paragr.
1479 470 1526 536 2l2
1570 514 1574 519 -

88 581 124 639 et
146 575 221 655 218,
245 575 387 638 Plinium
410 573 604 637 vocabulum
627 572 776 658 „Erifioiaq”
799 571 914 656 aupda“
937 576 1070 637 vertisse
1092 592 1148 655 per
1172 572 1350 656 ,‚iuglans“.

202 696 291 771 Quae
314 695 441 759 Plinius
465 696 542 757 dicit
564 697 597 757 in
622 715 743 778 paragr.
761 695 836 775 224,
859 696 945 778 apud
967 694 1218 777 Theophrastum
1241 715 1307 758 non
1331 700 1464 759 exstant.

161 852 195 919 V,
216 857 246 918 6,
264 856 289 908 2.
324 848 438 926 Ἰσχυρὸν
464 851 491 904 δὲ
516 849 612 904 καὶτὸ
637 856 683 922 τῆς
709 855 795 922 συκῆς,
918 852 933 918 ξ
969 853 1029 907 225.
1084 849 1306 902 Firmissime
1345 853 1381 902 in
1420 850 1531 903 rectum

90 937 159 1011 πλὴν
186 941 234 998 εἰς
259 936 367 1012 ὀρθόν.
404 935 438 991 Ἥ
464 940 496 991 δὲ
521 935 624 1008 ἐλότη
649 935 796 1008 μάλιστα
849 935 960 1003 abice,
1229 929 1231 933 Α

88 1023 129 1086 ὡς
156 1028 235 1080 εἰπεῖν
262 1025 400 1100 ἰσχυρὸν
428 1025 491 1098 πρὸς
515 1023 560 1083 τὰς
588 1029 639 1077 τῶν
667 1020 795 1077 τεκτόνων

90 1114 189 1187 χρείας.

163 1199 235 1252 Haec
255 1216 307 1253 non
325 1200 431 1251 exstant
449 1199 519 1266 apud
538 1197 757 1265 Theophrastum.
919 1196 1011 1250 eudem
1029 1196 1168 1250 valvarum
1185 1195 1292 1263 paginis
1313 1195 1392 1250 etad
1409 1209 1531 1263 quaeeun-

849 1299 901 1350 que
928 1283 1012 1336 hbeat
1038 1283 1167 1337 intestina
1201 1298 1279 1350 opera
1305 1282 1459 1349 aptissima,
1488 1280 1531 1335 aira

850 1371 950 1426 Graeco
980 1371 1040 1424 sive
1071 1369 1204 1437 Campano
1234 1369 1293 1422 sive
1321 1369 1413 1423 Siculo
1439 1367 1532 1422 fabricae

849 1457 915 1511 artis
932 1474 1027 1525 genere
1040 1456 1205 1524 spectabilis,
1223 1458 1405 1510 ramentorum
1423 1454 1532 1517 crinibus,
1568 1524 1571 1531 Ι

849 1544 1002 1612 pampinato
1029 1559 1134 1610 semper
1161 1542 1224 1597 orbe
1251 1559 1280 1597 se
1307 1542 1422 1598 volvens
1448 1542 1479 1595 ad
1502 1541 1534 1593 in·

164 1633 352 1707 ἐχέκολλον
378 1631 437 1704 γὰρ
462 1628 608 1697 μάλιστα
632 1627 673 1683 διό
697 1651 725 1684 τε
749 1628 795 1701 τὴν
824 1680 827 1685 ,
850 1631 947 1685 citatos
966 1631 1094 1684 runcinae
1111 1633 1213 1698 raptus.
1248 1631 1366 1683 eadem
1384 1633 1412 1682 et
1429 1627 1534 1682 curribus

92 1716 231 1791 μανότητα
261 1721 305 1772 καὶ
335 1717 382 1789 τὴν
414 1715 577 1791 εὐθυπορίαν.
632 1713 709 1771 οὐδὲ
738 1715 796 1790 γὰρ
851 1734 999 1770 maxume
1018 1717 1197 1771 sociabilis
1215 1717 1534 1785 glutinointantum‚

95 1802 179 1865 όλως
206 1802 286 1858 οὐδὲ
312 1802 502 1877 papauera
526 1802 701 1877 φασινέὰν
720 1806 798 1857 aoi-
853 1807 888 1856 ut
906 1804 1161 1857 findaturante
1180 1821 1245 1872 qua
1263 1803 1458 1858 solidaest.

90 1894 189 1966 lqeq

200 2015 339 2078 Primam
369 2021 400 2078 et
430 2022 603 2079 extremam
639 2017 736 2078 huius
771 2016 959 2098 paragraphi
994 2020 1168 2078 sententias
1198 2013 1413 2096 Theophrasto
1449 2010 1541 2074 deberi

95 2126 184 2204 puto,
208 2139 282 2184 oum
307 2119 412 2182 media
435 2139 476 2181 ex
500 2120 570 2199 alio,
593 2122 701 2182 nescio
719 2140 782 2202 quo
800 2126 937 2198 auctore,
960 2118 1099 2183 fluxerit.
1149 2119 1244 2182 Initio
1261 2117 1389 2180 Plinius
1405 2115 1540 2199 praebet:

96 2223 299 2303 „firmissima
322 2225 354 2285 in
373 2227 495 2285 rectum
513 2221 638 2301 abies“;
661 2223 895 2306 Theophrastus
911 2223 1045 2287 abietem
1061 2226 1094 2286 in
1111 2230 1233 2287 rectum
1251 2241 1321 2285 esse
1335 2219 1544 2283 firmissimam

95 2347 160 2389 non
197 2328 284 2406 dicit,
315 2327 369 2389 sed
394 2331 486 2389 autea
510 2326 592 2389 dixit
613 2325 712 2389 ficum
734 2327 859 2390 firmam
883 2347 962 2407 esse,
993 2336 1216 2411 praeterquam
1245 2328 1279 2388 in
1307 2331 1452 2402 rectum3
1482 2342 1547 2386 curn
1591 2304 1594 2397 ἓ

91 2438 215 2514 pergat:
252 2429 308 2507 ,‚‘H
343 2430 375 2494 δὲ
405 2431 495 2513 ἐλάτη
531 2428 657 2513 μάλιστα
691 2429 728 2502 ὡς
763 2432 853 2495 εἰπεῖν
886 2431 1035 2517 ἰσχυρόνίί,
1079 2432 1206 2495 Plinius
1239 2431 1279 2493 ad
1313 2431 1393 2492 haec
1425 2429 1551 2491 fortasse

91 2535 255 2617 supplevit
283 2555 324 2598 ex
356 2537 406 2616 iia,
439 2556 521 2617 quae
555 2537 758 2617 antecedunt,
788 2536 848 2612 „eir
881 2533 997 2621 ὀρθόν,
1035 2539 1144 2619 itaque
1175 2555 1211 2599 eo
1240 2533 1401 2597 adductus
1432 2539 1494 2614 est,
1521 2540 1554 2598 ut

92 2639 264 2701 scriberet:
295 2638 496 2718 „firmissima
518 2642 551 2702 in
576 2647 698 2703 rectum
723 2641 838 2704 abies‘k

186 2759 337 2822 Extrema
370 2763 527 2824 sententia
549 2761 757 2842 Theophrasti
774 2764 954 2843 ,sanatione
984 2781 1075 2844 egere
1104 2762 1182 2824 mihi
1210 2760 1346 2824 ridetur.
1397 2759 1557 2842 Equidem

93 2883 194 2945 supra
227 2865 432 2946 Theophrasti
464 2865 559 2928 verba
591 2865 693 2927 adtuli
723 2865 952 2928 Schneiderum
987 2872 1129 2944 secutus,
1165 2866 1233 2948 qui,
1267 2884 1344 2928 cum
1372 2864 1554 2928 secundum

94 2967 223 3030 codices
248 2967 411 3031 Mediceos
434 2974 465 3032 et
491 2968 771 3033 vindobonensem
795 2972 829 3032 in
852 2977 995 3033 extrema
1018 2968 1350 3034 sententiascriberet
1372 2965 1411 3052 „q‘
1437 2967 1556 3052 ἐλότη“,

94 3070 264 3134 lectionem
288 3072 451 3155 vulgatam
476 3074 645 3155 paululum
666 3075 811 3137 mutavit.
860 3074 1056 3137 Wimrnerus
1080 3081 1189 3137 contra
1205 3073 1349 3136 codicem
1365 3071 1556 3138 Urbinatem

93 3179 226 3237 secutus
262 3177 402 3258 scripsit:
441 3174 479 3259 „q
514 3175 546 3239 δὲ
581 3175 672 3260 ἐλάτη
708 3177 835 3262 μάλιστα
869 3176 906 3249 ὡς
940 3178 1030 3240 εἰπεῖν
1064 3176 1191 3263 ἰσχυρόν.
1248 3177 1318 3261 πρὸς
1352 3174 1386 3239 δὲ
1417 3176 1474 3249 τὰς
1507 3183 1556 3242 τῶν

92 3276 235 3340 τεκτόνων
266 3276 368 3364 χρείας
403 3280 560 3365 ἐχέκολλον
597 3280 649 3365 μὲν
678 3281 804 3365 μάλιστα
834 3281 853 3367 ἡ
883 3280 977 3365 πεύκη
1014 3281 1063 3345 διό
1094 3307 1125 3344 τε
1155 3281 1207 3365 τὴν
1238 3278 1388 3364 μανότητα
1420 3279 1474 3344 καὶ
1508 3281 1556 3364 την

93 3379 298 3468 addoanpiao‘t
359 3384 438 3446 hlihi
483 3387 613 3467 quidem
660 3394 811 3450 neutrum
848 3394 971 3451 rectum
1011 3387 1146 3450 videtur.
1205 3385 1389 3469 Lectionem
1437 3385 1555 3449 codicis

98 3485 264 3550 Urbinatis
298 3490 360 3550 iarn
397 3509 493 3571 supra
528 3493 789 3570 commemoravi,
824 3492 948 3555 codices
983 3491 1117 3554 Medicei
1152 3490 1287 3553 habent:
1322 3487 1471 3574 ἐχέκαλαν
1507 3487 1554 3573 μὲν

92 3590 220 3674 μάλιστα
243 3590 262 3675 ἡ
287 3591 377 3674 ἐλάτη
402 3591 450 3664 διό
476 3615 508 3654 τε
522 3594 573 3677 τὴν
590 3598 675 3670 κτλ.“,
700 3594 962 3659 vindobonensis
985 3596 1094 3658 eadem
1119 3592 1207 3679 ,,ρὲν“
1232 3594 1358 3656 omisso.
1393 3591 1553 3675 Equidem

95 3702 174 3777 puto
209 3716 281 3759 cum
315 3697 508 3760 Schneidero
540 3704 571 3761 et
600 3698 671 3761 aliis
701 3701 829 3782 signum
859 3701 1129 3783 interpunctionis
1163 3697 1349 3780 ponendum
1382 3715 1454 3759 esse
1486 3702 1553 3779 post

96 3799 184 3884 ,ατρὸς
218 3801 270 3871 τὰς
304 3805 357 3863 τῶν
391 3799 531 3863 τεκτόνων
565 3799 701 3887 χρείαςιί,
741 3806 898 3886 particula
931 3803 1009 3880 ,,ὃὲ“,
1046 3824 1142 3886 quam
1177 3801 1304 3864 codices
1337 3807 1410 3882 post
1447 3800 1553 3885 ,,πρὸς“

96 3905 269 3985 praebent,
304 3908 429 3969 omissa.
484 3906 521 3968 ln
558 3910 729 3988 sententia,
773 3927 855 3990 quae
889 3909 1053 3991 sequitur,
1090 3925 1196 3988 neque
1230 3902 1268 3988 „h
1303 3901 1414 3986 ilaiuq‘⁶
1448 3923 1552 3988 neque

98 4006 137 4089 „q
162 4007 275 4091 uedaq“
299 4030 358 4072 suo
381 4010 449 4072 loco
474 4014 598 4074 exstare
620 4017 709 4093 puto,
740 4013 794 4075 sed
817 4013 974 4094 particula
997 4009 1057 4095 μὲν,
1091 4030 1187 4094 quam
1212 4008 1337 4072 codices
1361 4006 1504 4072 Urbinas
1525 4014 1552 4071 et

70 4172 74 4181 ,
97 4111 233 4175 Medicei
256 4112 418 4195 praebent,
441 4115 474 4176 in
499 4114 590 4198 ‚qdp“
613 4120 735 4179 mutata
751 4118 797 4179 sic
812 4136 881 4180 esse
897 4116 1119 4180 scribendum:
1144 4113 1321 4199 „exeatur
1347 4111 1403 4196 γὰρ
1428 4111 1551 4196 μάλιστα

95 4215 147 4284 διαί
170 4241 201 4279 τε
224 4216 276 4299 τὴν
300 4216 447 4300 μανότητα
471 4215 520 4280 καὶ
543 4218 594 4301 την
618 4217 822 4304 εὐθυπορίαν“,
854 4223 899 4284 sic
927 4227 964 4284 ut
993 4221 1070 4283 haec
1094 4220 1257 4282 sententia
1279 4216 1426 4297 declaret,
1453 4235 1550 4300 quam

94 4320 136 4382 ob
159 4340 225 4383 rem
252 4321 290 4383 ad
314 4340 409 4403 opera
432 4322 556 4386 fabrilia
578 4323 669 4386 firma
693 4327 734 4388 sit
757 4325 852 4388 abies.
882 4325 982 4388 Nam
1014 4343 1064 4387 me
1095 4324 1224 4406 quidem
1247 4321 1355 4385 iudice
1376 4320 1458 4384 haec
1481 4339 1551 4384 cum

100 4423 205 4487 Plinio
236 4427 275 4488 ad
299 4424 434 4488 abietem
457 4426 622 4491 referenda
645 4433 731 4508 suut,
762 4429 817 4492 sed
847 4429 933 4511 quod
965 4429 1016 4490 hic
1038 4429 1192 4510 repetitur
1215 4424 1252 4508 „h
1278 4422 1395 4506 ἐλάτη“,
1427 4430 1553 4509 propter

96 4529 205 4610 verba,
241 4549 323 4612 quae
352 4531 557 4611 antecedunt,
592 4532 717 4595 tolerari
733 4552 813 4596 non
843 4538 953 4614 potest.
1007 4530 1208 4593 Vocabulum
1244 4527 1281 4611 „h
1311 4526 1432 4611 ἐλάτη“,
1470 4528 1553 4613 quod

97 4634 196 4696 altera
234 4635 381 4699 codicum
415 4637 535 4699 familia
569 4635 715 4718 praebet,
749 4655 767 4700 e
801 4639 944 4719 margine
977 4639 1012 4698 in
1046 4640 1233 4698 contextum
1268 4634 1443 4716 inrepsisse
1478 4632 1554 4697 mihi

97 4739 224 4800 videtur
253 4749 283 4801 et
307 4740 467 4802 adiectum
499 4761 517 4802 a
548 4741 662 4804 lectore
687 4741 834 4822 quodam,
868 4742 925 4822 qui
954 4742 1081 4822 signare
1108 4739 1202 4802 vellet
1229 4739 1308 4801 haec
1341 4737 1383 4800 ad
1417 4737 1554 4804 abietem
