3292 5436
848 98 893 165 42

139 305 161 369 i.
184 323 210 369 e.
236 305 367 386 „eodem
389 305 483 371 modo
505 305 599 368 tertia
620 305 810 388 germinatio
838 304 875 369 fit
904 310 1001 389 atque
1031 307 1201 373 1111111111,α
1264 307 1396 374 Plinius
1429 311 1536 394 igitur
1570 329 1609 380 ex

47 416 51 423 “
140 409 190 490 iis,
225 427 308 493 quae
335 413 428 473 antea
457 408 542 472 diota
583 413 660 472 sunt
694 409 734 473 de
768 408 911 473 secunda
948 413 1191 495 germinatione,
1225 412 1415 498 desumpsit,
1450 434 1539 498 quae
1572 416 1608 480 de

140 514 233 586 tertia
280 513 390 577 adfert.
434 550 478 558 -
532 513 584 576 Ad
629 518 794 596 tempora,
851 512 971 596 quibus
1018 516 1167 596 singulae
1215 519 1469 600 germinationes
1516 519 1605 602 fiant,
1637 548 1640 553 ·

142 617 299 700 signanda
327 617 455 681 Plinius
491 617 594 680 utitur
626 616 733 682 verbis
770 623 976 700 „transeunte
1011 623 1157 703 geminos
1185 622 1272 687 sole‘·‘
1306 622 1367 704 „ad
1398 623 1606 706 solstitium‘,

140 719 375 803 Theophrastus
409 719 493 807 „sept
523 720 571 784 τὸν
602 726 829 807 σκιρροφοριῶνα
859 719 1003 805 λήγονταίί
1039 725 1316 811 ,,ἑκατομβαιῶνος.“
1374 727 1493 794 Verbis
1523 724 1604 814 „sepi

14 815 25 829 ²
139 826 188 889 τὸν
205 830 431 912 σκιρροφοριῶνα
454 822 600 910 11111111
622 826 814 909 respondere
837 828 923 911 apud
948 826 1095 892 Plinium
1120 836 1325 912 „transeunte
1347 833 1499 914 geminos
1521 832 1604 896 sole“

141 931 206 993 iam
230 950 328 1013 supra
351 932 382 1009 (5
404 929 460 1013 27)
482 931 637 994 vidimus.
678 928 903 1016 Ἑκατορβαιών
938 937 986 996 est
1019 935 1140 999 mensis
1166 936 1306 1012 Atticus,
1341 936 1403 1018 qui>
1431 936 1605 1020 respondet

52 1064 56 1077 ·
148 1039 330 1108 nostrorum
352 1036 514 1098 mensium
531 1036 683 1100 exteriori
698 1036 782 1118 parti
804 1034 893 1099 Iunii
909 1040 940 1100 et
955 1037 1053 1119 priori
1069 1036 1155 1122 lnlii,
1180 1058 1243 1122 quo
1266 1043 1409 1122 tempore
1432 1039 1603 1105 solstitium

143 1139 299 1202 aestivum
322 1139 366 1203 fit.
1200 1196 1205 1205 ,

250 1243 339 1319 Quae
376 1249 531 1309 secuntur
568 1245 603 1307 in
647 1264 768 1327 paragr.
808 1245 868 1310 101
905 1249 936 1308 et
970 1245 1032 1311 102
1070 1245 1184 1327 Plinii,
1228 1248 1314 1330 apud
1350 1246 1601 1331 Theophrastum

47 1405 48 1409 ,
140 1367 206 1411 uon
230 1354 367 1413 exstant.

250 1451 366 1515 Omnia
399 1453 478 1516 haee
513 1452 553 1516 de
586 1453 818 1536 germinatione
851 1451 1000 1516 arborum
1036 1453 1130 1532 diota,
1165 1455 1245 1536 quin
1274 1454 1401 1519 Plinius
1429 1473 1481 1519 ex
1511 1457 1602 1521 Theo-

145 1557 273 1639 phrasto
308 1560 476 1619 mutuatus
511 1557 562 1638 sit,
600 1557 679 1620 mihi
718 1556 849 1640 quidem
887 1556 1023 1622 dubium
1060 1577 1127 1621 non
1164 1563 1220 1622 est.
1275 1558 1371 1623 Hane
1408 1562 1520 1643 operis
1556 1562 1601 1626 sni

27 1650 30 1659 ’
145 1667 267 1745 partem
298 1660 425 1723 Plinius
455 1665 554 1724 totam
581 1660 647 1724 fere
681 1679 723 1724 ex
755 1659 967 1744 Theophrasto
1001 1664 1160 1745 excerpsit
1194 1664 1305 1745 paucis
1337 1667 1466 1728 tantum
1503 1665 1602 1730 verbis

143 1765 274 1828 aliunde
296 1765 436 1829 adiectis,

252 1887 380 1970 Peragr.
406 1888 446 1953 91
472 1892 538 1977 tota
560 1892 688 1970 sumpta
711 1893 759 1950 est
781 1906 823 1950 ex
844 1888 1073 1970 Theophrasto;
1109 1907 1191 1970 quae
1217 1888 1308 1951 initio
1340 1873 1478 1970 exstant,
1508 1891 1604 1973 ipsius

146 1991 243 2055 Plinii
268 1990 367 2055 verba
389 2011 459 2056 esse
481 1992 641 2056 videntur.
686 1991 814 2075 Paragr.
837 1992 879 2057 98
902 1993 1005 2075 prima
1031 1994 1190 2055 sententia
1210 1992 1425 2076 Theophrasto
1457 1993 1603 2081 detetur,

148 2116 230 2179 quae
253 2101 417 2176 secuntur,
441 2096 571 2159 aliunde
595 2095 763 2178 desumpta
786 2101 872 2158 sunt.
911 2095 951 2158 In
974 2093 1096 2179 paragr.
1115 2096 1156 2159 99
1172 2096 1300 2160 Plinius
1324 2116 1365 2160 ex
1389 2097 1453 2160 alio
1476 2104 1602 2162 auctore

147 2201 305 2263 nonnulla
328 2200 369 2262 ad
390 2199 595 2281 Theophrasti
618 2198 717 2262 verba
740 2198 865 2280 adiecit,
896 2199 951 2262 sed
977 2220 1058 2283 quae
1090 2201 1177 2283 a'pnd
1206 2206 1383 2284 utrumque
1412 2207 1604 2285 congruunt,

146 2304 358 2387 Theophrasto
381 2304 441 2386 ipsi
468 2301 574 2366 deberi
600 2303 729 2386 adparet
752 2322 794 2367 ex
816 2321 863 2385 eo,
889 2304 986 2387 qnod,
1011 2323 1093 2388 quae
1115 2305 1169 2368 ille
1190 2303 1328 2387 praebet,
1351 2304 1439 2388 apud
1462 2305 1603 2369 Plinium

148 2410 287 2492 pessime
322 2408 455 2471 confusa
488 2413 573 2471 sunt.
629 2406 736 2471 Talem
771 2408 978 2471 insollertiam
1001 2428 1140 2472 -nam
1169 2409 1259 2472 nulla
1287 2409 1349 2472 alia
1370 2428 1405 2473 re
1427 2409 1464 2472 hi
1484 2407 1604 2474 'errores

147 2517 207 2578 orti
231 2519 372 2578 sunt-
396 2513 450 2576 1111
474 2513 606 2592 auctori,
633 2513 689 2594 qui
712 2513 808 2595 paulo
832 2513 1018 2596 diligentius
1033 2512 1238 2596 Theophrasti
1261 2512 1360 2578 verba
1381 2514 1460 2596 legit
1485 2514 1603 2596 quique

146 2621 216 2702 ipse
238 2620 283 2682 rei
306 2616 469 2681 herbariae
493 2616 588 2699 paulo
611 2617 744 2699 peritior
766 2622 832 2681 erat
856 2637 954 2699 quam
977 2616 1116 2698 Plinius,
1147 2618 1305 2700 imputare
1334 2638 1401 2681 non
1424 2635 1603 2700 possumus

146 2723 274 2805 Paragr.
292 2723 354 2785 100
370 2726 469 2785 totam
486 2741 526 2784 ex
543 2720 757 2803 Theophrasto
781 2727 949 2784 mutuatus
973 2726 1020 2785 est
1043 2721 1180 2802 Plinius,
1202 2724 1271 2804 ipse
1294 2721 1410 2785 adiecit
1433 2723 1603 2804 „qnoniam

146 2828 368 2911 praegnatium
406 2826 567 2907 rumpitur
604 2825 751 2905 cortex“,
787 2826 864 2888 item
907 2845 1029 2908 paragr.
1066 2826 1124 2890 101
1160 2827 1246 2908 prior
1283 2844 1355 2908 pars
1385 2812 1604 2908 ¹Theophrasto

150 2930 293 3012 debetur,
317 2951 391 2994 oum
414 2930 568 3013 posterior
591 2947 632 2992 ex
655 2929 716 2993 alio
740 2935 868 2993 auctore
891 2936 1019 3012 sumpta
1043 2931 1092 2993 sit.
1302 2924 1306 2929 ’

251 3053 347 3129 Quae
370 3057 524 3116 secuntur
546 3052 632 3134 apud
656 3051 800 3116 Plinium
821 3053 856 3114 in
880 3072 1003 3135 paragr.
1026 3051 1088 3115 103
1105 3030 1136 3114 et
1154 3052 1224 3133 104,
1250 3051 1335 3134 apud
1357 3050 1606 3134 Theophrastum

147 3179 214 3223 non
238 3163 377 3239 exstant,
401 3157 457 3220 sed
480 3175 522 3220 ex
544 3155 659 3219 Latino
683 3162 811 3220 anctore
835 3163 963 3239 sumpta
986 3161 1071 3220 sunt.

216 3312 267 3381 HI,
286 3319 311 3380 4,
330 3317 355 3371 3.
390 3313 428 3367 rii
455 3313 488 3367 δὲ
517 3309 680 3384 ἀνθήσεις
709 3308 853 3365 ἀκολου-
977 3311 1071 3378 §lou
1103 3307 1606 3376 Neostatimfruotusseqni·

146 3404 244 3457 111111
274 3405 318 3474 μὲν
348 3398 381 3461 ὡς
409 3403 488 3455 εἰπεῖν
515 3398 583 3454 κατὰ
611 3396 695 3471 λόγον,
725 3394 760 3451 ού
789 3395 853 3469 μὴν
907 3395 1226 3463 turinaliquibus.
1261 3394 1499 3450 eornusenim
1518 3396 1608 3451 eirea

148 3488 231 3544 ἀλλὰ
250 3486 546 3563 παραλλάττουσι·
567 3486 665 3557 μᾶλλον
679 3481 701 3537 δ’
715 3486 756 3538 ἐπὶ
774 3486 853 3538 πλέον
907 3483 1067 3538 solstitia
1090 3483 1208 3537 reddit
1232 3484 1317 3551 prime
1342 3481 1498 3550 candidum,
1520 3485 1608 3551 poster

146 3575 234 3649 ἡτῶν
252 3581 356 3650 καρπῶν
376 3575 514 3632 τελείωσις.
544 3569 853 3645 Κροίνειαμὲνράρ
908 3571 1093 3639 sanguineum.
1128 3567 1609 3638 exeogenerefeminapost

148 3661 334 3718 ἀποδίδωσι
378 3664 455 3735 περὶ
496 3658 624 3733 τροπὰς
665 3654 854 3732 eaproter,
908 3659 1107 3710 autumnum
1157 3658 1226 3710 fert
1276 3658 1377 3726 baeas
1424 3655 1537 3708 acerbas
1587 3656 1610 3707 11

146 3749 242 3826 πρώϊος
262 3750 362 3826 σχεδὸν,
382 3746 465 3822 ὥσπερ
483 3741 800 3822 πρῶτον·ἠδ’1ψιος,
820 3741 851 3818 ἣν
905 3744 1139 3812 ingustabilis
1181 3745 1322 3798 eunetis
1357 3741 1610 3806 animantibus,

148 3836 180 3910 δή
198 3855 265 3898 τινες
284 3839 392 3892 καλοῦσι
417 3832 681 3909 interpetratur,
706 3829 775 3905 μετ’
789 3829 852 3887 αὐτὸ
904 3830 1000 3898 ligno
1019 3847 1156 3898 quoque
1174 3832 1322 3900 fungosa
1340 3833 1373 3884 et
1390 3829 1535 3897 inutili,
1554 3843 1611 3882 oum

146 3924 183 3978 τὸ
202 3924 408 3999 μετόπωρον.
430 3919 525 3978 Ἔστι
544 3924 577 3976 δὲ
597 3919 610 3976 ὸ
630 3917 754 3992 ταύτης
773 3940 851 3993 anp-
905 3932 975 3970 mas
993 3933 1007 3970 e
1025 3917 1240 3973 fortissimis
1259 3916 1543 3983 durissimisque
1561 3915 1611 3969 sit.

147 4010 206 4072 πὸς
239 4007 403 4086 ἄβρωτος,
434 4014 490 4066 καὶ
516 4010 552 4064 τὸ
581 4007 679 4071 ξύλον
712 4000 851 4066 ἀσθενὲς
904 4007 1001 4057 tanta
1031 4004 1240 4061 differentia
1269 4006 1307 4060 ab
1338 4004 1454 4058 eodem
1486 4019 1611 4070 genere

146 4102 204 4160 aot
239 4105 372 4175 χαῦνον.
428 4096 583 4169 Τοσαύτη
626 4094 664 4166 δὴ
705 4090 851 4168 διαφορὰ
904 4092 955 4146 fit.

147 4190 221 4262 περὶ
241 4184 346 4261 ἄμφω.

217 4273 275 4339 §d
313 4272 375 4328 Τὸν
399 4281 433 4333 δὲ
457 4272 585 4346 καρπὸν
611 4268 762 4345 ἄβρωτον
782 4271 852 4345 ἔχει

148 4365 246 4415 παντὶ
266 4360 332 4434 ζῴῳ
441 4360 682 4433 interpetratur.

218 4448 251 4516 V,
271 4453 296 4516 6,
309 4454 334 4505 4.
364 4446 589 4523 ἰσχυρότατον
609 4447 643 4500 δὲ
661 4446 717 4500 καὶ
735 4441 752 4516 ἡ
771 4463 853 4516 κρα-

148 4536 230 4590 retu.

218 4621 373 4690 111,12,1.
409 4621 506 4676 τὸδὲ
535 4617 634 4681 ξύλον
659 4619 694 4675 τὸ
719 4621 765 4691 μὲν
793 4622 854 4690 τῆς

148 4711 310 4781 κρανείας
353 4705 474 4780 ἀκάρδιον
518 4711 562 4762 καὶ
605 4705 744 4783 στερεὸν
785 4701 853 4770 ὅλον,

243 4908 445 5123 n

89 5106 138 5124 .-
235 5096 245 5123 ιΙ
