3292 5436
85 288 310 363 τιττωόέστερον·
338 291 382 345 καὶ
409 290 448 344 τὰ
475 289 554 351 Εόλα
582 290 722 366 λευκότερα
748 296 793 347 καὶ

85 369 275 448 όμοθοτερα
299 382 337 450 τῇ
364 375 466 451 ἐλάτῃ
491 380 536 431 καλ
553 376 583 431 τὸ
602 374 662 432 θλον
682 375 791 433 όπευκα,

165 461 276 536 aedan
304 466 350 535 μὲν
378 462 425 536 γὰρ
454 462 701 519 ὲττικαυθεισῶν
731 470 791 518 τῶν

85 549 184 619 ῥιζῶν
205 546 265 603 oda
283 546 545 620 ἀναβλαστάνει,
569 550 628 622 τὴν
648 553 743 605 πίτυν
764 553 792 605 δέ

84 635 150 706 φασί
169 654 236 695 τινες
256 632 541 706 ἀναβλαστάνειν,
562 633 664 711 ὥσπερ
683 640 739 692 καὶ
759 640 791 692 ὲν

84 719 205 795 λέσβῳ
242 724 499 796 ἐμπρησθέντος
526 729 584 778 τοῦ
613 723 791 797 Πυρραίων

85 801 478 880 όροοςτοῦτιτυόνόους.

192 896 255 960 Pro
277 896 375 960 Plinii
398 898 504 961 verbis
530 899 650 982 „magis
686 899 844 981 algentia“
878 918 951 962 curn
976 898 1168 964 Schneidero
1193 898 1261 982 (III,
1285 901 1359 982 187)
1383 901 1550 966 scribenda

85 1019 157 1064 esso
180 1007 258 1084 puto
282 1004 403 1083 „magis
426 1003 597 1085 rigentia“,
633 1022 714 1085 (luae
748 1003 942 1086 respondent
971 1004 1022 1084 iis,
1058 1022 1140 1086 quae
1173 1005 1260 1087 apud
1294 1005 1547 1088 Theophrastum

85 1109 215 1168 exstant
238 1103 417 1190 ,πεφρικότα
442 1109 579 1188 μᾶλλον.“

194 1207 255 1271 Pro
292 1209 499 1293 Theophrasti
537 1208 694 1272 vocabulo
732 1209 867 1293 ,,βαθεά“
906 1211 1085 1274 secundum
1128 1211 1282 1293 Plinium,
1325 1215 1381 1296 qui
1421 1214 1550 1297 praebet

88 1311 186 1390 „tolio
209 1313 370 1377 villosior“
396 1312 602 1376 scribendum
631 1331 700 1375 esse
731 1320 807 1395 puto
840 1313 980 1390 ,,ὂασέα“,
1013 1334 1077 1397 quo
1108 1315 1264 1379 vocabulo
1293 1318 1328 1378 in
1362 1322 1550 1382 contextum

87 1421 217 1498 recepto
256 1419 365 1480 omnia
409 1418 577 1499 utriusque
615 1416 712 1480 verba
750 1425 942 1497 congruunt.
1003 1417 1110 1499 „Polio
1148 1419 1297 1499 villosior,
1335 1421 1485 1503 pinguior
1521 1427 1552 1486 et

86 1519 216 1583 densior
249 1521 377 1584 mollius
418 1520 523 1583 flend‘
566 1520 696 1603 praebet
734 1519 872 1600 Plinius
914 1522 1149 1603 Theophrastus
1184 1522 1237 1598 ,τά
1278 1520 1329 1606 μὲν
1366 1523 1551 1608 φύλλα

84 1623 183 1686 πολλοὶ
222 1622 272 1688 καὶ
307 1623 416 1709 λιπαραὶ
452 1621 501 1687 καὶ
536 1624 629 1687 δασέα
667 1621 717 1687 καὶ
751 1624 935 1708 κεκλιμένα“,
974 1627 1018 1689 ita
1056 1632 1093 1688 ut
1122 1629 1213 1690 'inter
1251 1646 1285 1690 se
1322 1629 1549 1712 respondeant:

86 1727 232 1791 villosior
249 1765 288 1775 —-
305 1728 407 1804 δασέα,
439 1730 647 1812 pinguior-
664 1726 782 1812 hropei,
816 1730 942 1792 densior
959 1765 1000 1774 —
1016 1726 1121 1804 πολλοί,
1146 1731 1273 1794 mollins
1297 1731 1381 1795 llexo
1399 1768 1441 1778 -
1455 1737 1552 1796 κεκλι-

85 1830 169 1914 μένα.
214 1833 252 1895 In
282 1835 333 1916 iis,
367 1853 450 1916 quae
482 1840 646 1912 secuntur,
679 1833 775 1895 verba
805 1838 955 1916 „totaque
984 1834 1156 1896 horridior“
1190 1833 1320 1898 fortasse
1351 1835 1428 1898 inde
1457 1836 1552 1900 duxit

84 1933 225 2016 Plinius
252 1938 337 2018 quod
360 1947 391 2001 et
414 1939 453 2001 de
475 1938 559 2000 foliis
582 1943 613 2000 et
636 1937 675 1999 de
699 1955 778 2003 cono
801 1936 1037 2018 Theophrastus
1061 1938 1138 2000 dicit
1171 1939 1248 2000 haec
1277 1957 1347 2001 esse
1369 1938 1550 2024 ,πεφρικότα

85 2042 218 2121 pallad
242 2049 272 2104 et
296 2042 444 2124 „perfusa
468 2042 593 2104 resina‘
621 2041 660 2102 de
684 2059 742 2102 suo
767 2040 890 2103 adiecit.
917 2076 959 2084 —-
983 2039 1096 2104 Errore
1125 2041 1283 2104 adductus
1307 2041 1436 2105 Plinius
1458 2045 1551 2106 initio

86 2142 167 2205 dicit
202 2144 276 2225 „illa
311 2146 447 2208 crassior
479 2144 644 2226 leviorque
678 2144 866 2223 cortice“‚
902 2163 976 2206 cum
1010 2142 1244 2227 Theophrastus
1287 2146 1364 2209 haec
1406 2147 1444 2210 de
1482 2153 1547 2211 tota

84 2247 209 2327 arbore,
233 2248 272 2312 de
294 2247 465 2334 ,,στελὲχει“
489 2249 582 2311 (λίσαι.
629 2245 737 2310 Cetera
761 2248 846 2330 apud
884 2254 1060 2329 utrumque
1090 2248 1184 2331 plane
1216 2255 1409 2332 congruunt,
1440 2253 1487 2314 sio
1517 2256 1553 2315 ut

84 2357 198 2436 putem
221 2353 299 2416 haec
322 2371 363 2416 ex
386 2352 602 2436 Theophrasto
625 2356 810 2415 mutuatum
834 2369 905 2415 esse
928 2350 1081 2413 Plinium.

157 2470 276 2536 1H‚9‚l.
308 2473 353 2524 καὶ
371 2470 463 2546 σχεδόν
483 2471 515 2526 τό
534 2493 562 2544 γε
581 2474 688 2526 πλεῖστοι
708 2473 794 2525 dict·
919 2472 933 2538 ἓ
958 2475 1000 2527 47.
1047 2470 1098 2523 alia
1129 2471 1275 2525 etiamnum
1305 2473 1448 2536 generibus
1482 2474 1552 2540 ipsis

86 2562 183 2631 ροῦσ(
201 2563 243 2630 τῷ
259 2554 375 2632 ἄρρενι
393 2562 449 2612 καὶ
470 2556 575 2630 θήλει.
847 2556 879 2608 in
899 2573 987 2610 sexu
1006 2557 1221 2610 differentia.
1258 2575 1327 2611 mas
1351 2559 1492 2613 brevior
1515 2562 1553 2612 et

158 2648 182 2702 2.
203 2644 311 2700 ..aad
330 2648 389 2716 p‘ev
409 2641 509 2718 ἄρρεν
529 2642 741 2719 βραχύτερόν
759 2665 793 2698 τε
847 2642 981 2709 durior,
1000 2643 1125 2695 lomina
1144 2645 1552 2713 procorior‚pinguiori-

85 2733 144 2785 καὶ
176 2729 535 2806 σκληροιρυλλότερον,
568 2731 603 2784 τὸ
640 2732 674 2785 δὲ
710 2732 794 2803 θῆλυ
848 2730 910 2783 bus
937 2730 1039 2783 loliis
1063 2733 1091 2782 et
1114 2729 1284 2795 simplicibus
1309 2733 1388 2799 atquc
1413 2749 1477 2785 non
1502 2733 1552 2784 ri—

85 2813 356 2891 εόμηκέστερον,
385 2820 442 2872 καὶ
471 2816 510 2871 τὰ
539 2815 646 2892 (ρόλλα
674 2818 795 2890 λιπαρὰ
849 2816 1022 2884 gentibus.

84 2906 131 2957 καὶ
151 2900 239 2958 ἁπαλόν
258 2906 316 2958 καὶ
333 2906 520 2976 κεκλιμένα
541 2906 639 2979 ἔχειν.

191 3009 334 3092 Adparet
356 3009 499 3073 Plinium
523 3011 557 3071 in
582 3009 660 3071 libro
694 3029 752 3072 suo
775 3009 979 3091 Theophrasti
1002 3008 1116 3089 legisse
1146 3029 1202 3091 pro
1234 3006 1552 3084 ‚,dnald“—,‚dnlnt

89 3112 351 3195 (simplicibus)“‚
386 3133 441 3195 pro
472 3110 854 3198 ,,σκληρορολλότερον“-
871 3110 1109 3196 ,,σκληρότερον“,
1141 3113 1197 3175 sed
1227 3112 1378 3177 lectiones
1409 3116 1553 3197 ,σκληρα

86 3215 284 3303 ρολλότερονιι
316 3221 348 3280 et
376 3214 515 3293 ,,ἁταλό“
547 3224 655 3280 tuetur
686 3218 858 3279 auctoritas
891 3223 922 3278 et
950 3217 1097 3278 codicum
1120 3228 1301 3279 nostrorum
1333 3224 1364 3280 et
1396 3220 1553 3283 versionis

90 3323 206 3403 Gazae,
232 3339 314 3404 quae
337 3321 466 3404 praebet
489 3321 584 3401 „folio
608 3320 769 3400 duriore“,
792 3324 902 3403 postea
927 3320 1021 3400 „folio
1039 3370 1045 3385 .
1065 3367 1070 3381 ,
1092 3368 1098 3381 .
1117 3320 1237 3382 ιοολθ.“
1276 3320 1422 3384 Ceterum
1445 3325 1553 3406 inepte

91 3425 224 3488 Plinius
246 3426 299 3488 hio
316 3425 392 3488 dicit
418 3445 506 3506 „mas
523 3425 664 3506 durior‘,
688 3444 762 3488 oum
779 3425 884 3488 statim
902 3428 1056 3507 sequatur
1081 3423 1225 3506 „lignum
1241 3423 1384 3487 maribus
1401 3426 1552 3509 durum“,

87 3539 119 3593 ot
158 3535 241 3593 certo
278 3531 356 3593 haec
394 3529 490 3592 verba
529 3549 617 3610 „mas
724 3530 851 3592 durior“
892 3527 932 3591 ad
976 3528 1056 3590 nihil
1104 3528 1192 3591 aliud
1239 3530 1302 3591 nisi
1347 3529 1387 3590 ad
1425 3530 1552 3611 lignum

87 3633 198 3697 referri
222 3635 353 3717 possint.

155 3748 248 3806 Ἔστι
274 3753 307 3806 δὲ
333 3752 372 3806 τὰ
397 3751 477 3813 Ξόλα
500 3759 558 3825 τῆς
582 3748 797 3827 μὲνόρρενος
920 3752 1077 3819 „lignum
1112 3752 1266 3805 maribus
1302 3752 1422 3810 durum
1457 3754 1491 3804 ot
1518 3753 1554 3805 in

90 3837 466 3913 τερθρκρτρακαὶσκληρό,
492 3842 584 3894 καὶέν
610 3842 797 3913 ταῖςέργα-
850 3838 970 3897 fabrili
1013 3854 1113 3906 opere
1155 3841 1366 3903 contortum,
1408 3838 1553 3893 feminae
1633 3888 1636 3894 .

89 3927 181 3985 σίαις
218 3923 444 3999 στρεφόμενα·
486 3931 545 3998 τῆς
582 3928 615 3980 δὲ
657 3928 797 3998 θηλείας
850 3923 1008 3990 mollins,
1036 3923 1144 3991 publico
1171 3923 1327 3977 discrimine
1351 3923 1381 3976 in
1404 3924 1553 3979 securibus
1632 3944 1637 3961 ·

90 4010 187 4086 εόεργὰ
206 4015 249 4066 καὶ
269 4009 385 4086 ἀστραβῆ
404 4014 448 4065 καὶ
467 4011 697 4085 μαλακώτερα.
850 4010 899 4063 hae
944 4010 973 4062 in
1017 4026 1176 4077 quocunque
1218 4027 1312 4078 genere
1353 4010 1555 4078 deprehendunt

164 4101 217 4170 §3.
254 4097 352 4174 Σχεδὸν
372 4100 399 4152 δὲ
418 4096 493 4170 κοινή
512 4118 550 4157 τις
567 4095 585 4170 ἠ
605 4097 716 4172 διαφορὰ
734 4095 797 4151 nda—
851 4112 958 4162 marem,
979 4097 1079 4163 quippo
1093 4100 1257 4164 respuuntur
1269 4100 1296 4149 et
1308 4097 1439 4165 fragosius
1453 4097 1554 4166 sidunt,

89 4207 142 4240 των
161 4190 210 4238 τῶν
231 4181 344 4259 ἀρρένων
364 4190 408 4238 καὶ
426 4187 545 4257 θηλειῶν,
572 4181 605 4244 ὡς
631 4185 654 4237 ot
676 4181 798 4255 ὑλοτόμοι
851 4184 957 4250 aegrius
984 4181 1159 4235 revelluntur.
1195 4183 1254 4250 ipsa
1277 4183 1401 4236 materies
1427 4184 1555 4238 retorrida

90 4275 182 4346 mariv·
208 4266 276 4325 όταν
299 4271 395 4345 γὰρτὸ
421 4268 498 4345 ἄρρεν
527 4276 560 4344 τῇ
587 4267 726 4341 τελεκῄσει
753 4272 798 4323 καὶ
852 4274 878 4322 et
897 4269 998 4337 nigrior
1016 4268 1135 4322 maribus
1154 4270 1257 4323 radix.“

89 4356 253 4433 βραχότερον
290 4360 335 4410 καὶ
371 4359 581 4431 ἐπεστραμμένου
619 4358 717 4428 μᾶλλον
754 4359 799 4409 καὶ

90 4442 282 4519 δυσεργότερον,
302 4446 347 4497 καὶ
365 4449 402 4515 τῷ
417 4442 535 4519 χρώματι
554 4442 718 4517 μελάντερον.

200 4549 291 4613 Certe
326 4550 360 4611 in
395 4549 454 4612 hac
496 4551 692 4633 paragrapho
734 4548 953 4632 componenda
987 4549 1114 4612 Plinius
1148 4547 1361 4632 Theophrasto
1395 4567 1475 4612 usus
1508 4555 1556 4613 est

92 4659 235 4737 auctore,
260 4653 316 4717 sed
342 4655 436 4716 otiam
459 4653 558 4716 alium
584 4654 746 4736 quendam
769 4653 915 4716 adhibuit
931 4672 972 4716 ex
990 4673 1052 4736 quo
1078 4658 1243 4716 mutuatus
1267 4658 1314 4716 est
1336 4652 1450 4717 verba:
1477 4655 1556 4736 „hae

1319 4787 1346 4829 2*
