3292 5436
781 101 824 165 29

137 303 160 370 I,
179 311 204 370 9,
223 309 246 362 3.
272 300 342 359 ’Ἔτι
360 307 394 360 δὲ
412 305 451 360 τὰ
470 309 528 377 μὲν
549 302 717 380 ἀείφολλα
735 305 774 362 τὰ

59 392 100 444 δὲ
120 390 324 465 φυλλοβόλα.
394 424 398 431 ·

136 477 160 543 Ι,
187 481 211 542 3,
239 484 269 536 5:
320 481 375 534 ἐπεὶ
417 480 461 533 καὶ
503 478 561 539 τὰς
602 481 773 553 ὂιαρέοεις

60 561 172 635 ὁμοίως,
193 567 246 618 οἷον
265 550 414 638 ἡμέρων,
434 562 565 638 ἀγρίων.

136 656 161 709 6.
199 648 297 726 ἥμερον
322 654 422 707 δὲκαὶ
449 648 536 725 ἄγριον
561 654 659 707 δίκαιον
684 656 771 708 καλεῖν

62 734 235 811 ἀναφέροντα
259 737 323 813 πρός
340 759 370 794 τε
394 738 490 799 ταύτας
514 742 558 793 καὶ
577 736 643 800 ὅλως
661 740 724 813 πρὸς
742 741 772 797 τὸ

60 819 244 897 ἡμερώτατον.
277 823 308 882 ‘b
332 828 360 881 δὲ
385 822 522 899 ἄνθρωπος
545 823 563 898 ἦ
589 825 666 898 μόνον
685 824 703 900 ἢ
723 826 773 899 μά-

61 911 140 965 λιστα
161 907 268 986 ἥμερον.

898 311 969 379 ΜΒ.
995 310 1179 364 Praeterea
1196 311 1353 365 arborum
1371 312 1457 366 aliis
1475 313 1532 368 do·

827 396 950 449 oidunt
966 395 1070 463 folia,
1095 395 1183 451 aliae
1205 399 1420 464 sempiterna
1438 415 1533 454 ooma

825 481 955 548 virent,
992 498 1072 550 quam
1105 483 1284 537 differentiam
1313 485 1451 538 antecedat
1481 502 1530 540 no·

825 584 900 622 oesse
912 571 954 623 est
968 570 1047 637 prior.
1075 572 1139 623 sunt
1157 571 1230 624 enim
1248 571 1406 625 arborum
1425 589 1531 640 quae-

826 655 898 708 dam
917 657 1054 710 omnino
1072 655 1279 724 silvestres,
1298 659 1428 726 quaedam
1452 659 1530 712 urba-

825 742 922 809 niores,
942 743 1067 810 quoniam
1085 742 1130 796 his
1153 742 1239 811 placet
1257 745 1412 799 nominibus
1431 746 1530 800 distin·

826 844 914 895 guero.
955 829 1005 883 hae
1032 829 1121 896 mites,
1152 846 1219 898 quae
1248 831 1339 885 fructu
1365 834 1412 884 aut
1441 832 1532 899 aliqua

826 914 887 968 dote
911 915 1118 984 umbrarumque
1143 917 1230 971 officio
1254 917 1400 971 humanius
1425 917 1531 985 iuvant,

825 1016 877 1054 non
896 1001 1017 1069 improbe
1035 1003 1160 1056 dieantur
1177 1004 1300 1057 urbanae.

177 1137 266 1214 Quae
289 1139 416 1202 Plinius
439 1139 499 1203 sub
523 1139 620 1204 finem
644 1141 721 1204 dicit
743 1141 783 1204 ad
807 1141 1092 1206 demonstrandum
1118 1145 1175 1208 has
1199 1144 1326 1209 arbores
1355 1151 1440 1210 recte
1463 1146 1528 1210 diei

69 1242 224 1324 urbanas,
246 1244 351 1327 ipsius
373 1242 470 1307 verba
494 1262 563 1308 esse
586 1245 664 1308 mihi
688 1245 839 1309 videntur
860 1251 892 1309 et
913 1245 995 1311 bene
1018 1255 1095 1311 sunt
1117 1248 1283 1330 explicata.

136 1396 158 1465 I,
178 1403 202 1464 9,
220 1402 245 1455 3.
281 1403 338 1452 τῶν
365 1401 421 1469 μὲν
447 1397 581 1472 ἡμέρων
606 1395 772 1473 άείφυλλα

64 1485 177 1547 ἐλαία,
197 1484 320 1559 φοῖνιξ,
342 1483 465 1558 δάφνη,
491 1483 665 1560 μάμμινος,
692 1484 771 1541 πεά-

62 1591 175 1643 κηςτι
194 1573 304 1643 γένος,
323 1569 547 1646 κυπάριττος·

133 1662 158 1714 4.
195 1663 245 1712 τῶν
264 1659 292 1712 δὲ
310 1659 454 1730 θαμνωθών
474 1657 597 1719 κιττός.

133 1749 183 1798 τῶν
207 1746 235 1800 δὲ
258 1753 418 1820 φφυγανικῶν
442 1748 486 1800 καὶ
503 1747 621 1801 ποιωδῶν
645 1744 769 1818 πήγανον,
792 1756 795 1761 ’

62 1827 191 1904 ῥάφανος,
211 1834 330 1905 pedrurio.

134 1916 292 1988 Β1080.Ν,
312 1925 360 1978 82:
385 1918 528 1993 Νήριον,
557 1921 586 1973 οἱ
615 1921 647 1974 δὲ
674 1922 687 1993 fl
718 1921 770 1973 δο-

61 1999 209 2076 ὃάφνην,
241 2006 269 2059 οἱ
300 2005 602 2080 θὲ’,ροδόὸενὸρον,
639 2005 769 2079 θάμνος

61 2087 192 2162 γνώριμος
275 2092 305 2148 τὸ
325 2095 353 2148 δὲ
372 2089 451 2154 ἄνθος
469 2094 651 2167 ῥοδοειδές.

137 2175 286 2250 Δάναμιν
323 2182 357 2235 δὲ
393 2182 465 2256 ἔχει
495 2181 525 2235 τὸ
556 2178 634 2241 ἄνθος
663 2183 707 2233 καὶ
736 2175 770 2234 τὰ

896 1402 976 1468 §Tu
1021 1402 1148 1457 Harum
1176 1403 1295 1470 generi
1332 1420 1396 1458 non
1430 1406 1527 1459 deoi-

824 1487 918 1540 dunt:
947 1488 1052 1559 oleae,
1082 1489 1196 1557 lauro,
1226 1489 1369 1558 palmae,
1400 1495 1527 1561 myrto,

823 1589 1005 1642 cupresso,
1024 1575 1132 1643 pinis,
1151 1576 1314 1645 hederae,
1332 1578 1530 1632 rhododen-

815 1660 884 1734 dro
914 1663 949 1728 et,
985 1661 1110 1729 quamvis
1145 1662 1227 1716 herbo
1261 1663 1375 1728 dicatur,
1412 1665 1529 1720 sabinae.

823 1746 1103 1816 rhododendron,
1145 1752 1177 1802 ut
1213 1750 1321 1803 nomine
1356 1752 1478 1820 adparet,
1515 1771 1530 1807 a

824 1833 965 1888 Graecis
985 1838 1068 1888 venit.
1104 1835 1170 1889 alii
1188 1836 1324 1889 nerium
1342 1842 1527 1907 vocarunt,

823 1918 888 1972 alii
906 1920 1190 1992 rhododaphnen,
1217 1923 1410 1990 sempiternum
1426 1925 1528 1993 fronde,

823 2021 923 2060 rosae
959 2008 1214 2075 similitudine,
1257 2009 1380 2063 caulibus
1419 2011 1530 2064 fruti-

823 2107 947 2146 oosum.
984 2094 1154 2151 iumentis
1179 2095 1367 2163 caprisque
1392 2099 1426 2149 et
1451 2097 1528 2152 oui·

823 2179 886 2233 bus
905 2196 1070 2235 venenum
1089 2183 1156 2249 ost,
1180 2182 1270 2235 idem
1287 2182 1422 2237 homini
1446 2199 1528 2237 oon-

62 2261 152 2336 φύλλα
181 2271 264 2319 κυνῶν
288 2269 334 2338 μὲν
359 2268 403 2321 καὶ
428 2263 512 2322 ὄνων
540 2271 595 2323 καὶ
621 2265 768 2340 ἡμιόνων
823 2267 873 2318 ira
892 2267 1108 2335 serpentium
1127 2285 1257 2323 venena
1274 2269 1437 2325 remedio.

63 2352 110 2404 καὶ
122 2356 172 2405 τῶν
184 2354 311 2407 πλείστων
325 2353 491 2428 τετραπόδων
505 2357 532 2410 δὲ
544 2354 614 2427 ζῴων
629 2354 770 2428 φθαρτι-

63 2435 143 2509 κὴν,
169 2435 350 2514 ἀνθρώπων
378 2443 411 2496 δὲ
436 2441 617 2513 οωοτικὴν,
642 2439 686 2494 οὐν
707 2439 768 2512 οἴνῳ

61 2522 176 2596 πιόμενα
203 2525 282 2600 πρὸς
307 2525 460 2601 δήγματα
485 2530 614 2601 θηρίων
642 2529 686 2581 καὶ
705 2527 769 2597 μᾶλ-

61 2613 109 2665 λον
130 2614 152 2666 εἰ
169 2611 279 2687 πηγάνῳ
298 2614 480 2688 παραμίξειας·
499 2614 534 2669 τὰ
551 2617 579 2670 δὲ
597 2611 769 2686 ἀσθενέστερα

60 2703 114 2751 τῶν
140 2697 219 2770 ζῴων,
247 2697 284 2761 ὡς
312 2702 404 2774 αἶγες
430 2705 486 2757 καὶ
512 2700 675 2777 πρόβατα,
703 2699 768 2755 ἐπὰν

60 2781 217 2859 ἀπόβρεγμα
236 2783 320 2842 αὐτῶν
338 2790 393 2863 alp,
413 2787 635 2864 ἀποθνῄσκει.

171 2927 269 2991 Initio
303 2949 425 3013 paragr.
451 2931 491 2994 79
525 2935 608 2995 oerte
642 2929 846 2993 scribendum
882 2934 930 2992 est
963 2949 1020 3011 pro
1053 2928 1209 2991 vocabulo
1242 2930 1401 3010 „generi“‚
1437 2932 1522 3013 quod

62 3031 193 3095 codices
215 3031 378 3115 praebent,
403 3035 578 3117 ,μοοωκοιι
615 3032 659 3096 df.
684 3033 889 3116 Theophrasti
911 3030 1022 3096 rerba:
1046 3036 1118 3108 ,τῶν
1142 3029 1194 3114 μὲν
1217 3029 1335 3116 ἡμέρων
1358 3029 1523 3118 ἀείφολλα“

63 3141 98 3198 et
120 3133 218 3198 Plinii
241 3156 364 3220 paragr.
387 3137 447 3202 80:
473 3137 695 3220 „silvestrium
717 3136 843 3220 generis
872 3135 947 3199 folia
969 3156 1033 3199 non
1058 3135 1243 3200 decidunt.“
1300 3135 1470 3216 „Generi“
1496 3141 1524 3202 si

63 3240 194 3322 legitur,
217 3240 312 3323 plane
335 3242 438 3305 aliena
461 3243 618 3306 sententia
640 3241 717 3304 huie
746 3241 815 3304 looo
843 3239 993 3318 infertum
1029 3259 1103 3302 nam
1138 3245 1221 3303 oerte
1255 3238 1382 3302 Plinius
1417 3241 1521 3306 dicere

64 3343 156 3406 vult:
183 3342 230 3426 „E
246 3363 362 3426 genere
384 3345 581 3409 urbanarum
598 3344 747 3409 arborum
769 3344 843 3408 lolia
859 3364 924 3407 non
948 3343 1101 3408 decidunt
1123 3344 1204 3425 bis“,
1227 3363 1301 3408 oum
1318 3345 1344 3406 si
1362 3346 1519 3428 „generffl

63 3451 217 3530 exstaret,
239 3447 337 3513 verba
360 3449 593 3532 significarent:
620 3451 750 3534 „generi
765 3449 961 3513 urbanarum
978 3447 1128 3513 arborum
1143 3449 1163 3509 i.
1177 3466 1203 3511 e.
1222 3446 1372 3512 omnibus
1388 3449 1521 3514 urbanis

62 3551 232 3616 arboribus
254 3552 329 3616 folia
352 3573 417 3616 non
441 3553 623 3617 decidunt.“

168 3655 208 3719 In
232 3655 292 3719 hae
313 3658 509 3740 paragrapho
532 3656 753 3742 componenda
774 3655 903 3718 Plinius
926 3660 1050 3738 praeter
1067 3655 1317 3738 Theophrastum
1341 3675 1445 3720 unum
1468 3659 1520 3721 vel

66 3761 151 3824 duos
173 3761 253 3824 alios
276 3765 421 3825 auctores
445 3761 600 3825 adhibuit.
637 3760 726 3837 Quae
748 3760 840 3823 initio
864 3764 1005 3839 exstant,
1027 3759 1240 3841 Theophrasto
1264 3760 1326 3841 ipsi
1350 3759 1518 3843 debentur,

59 3866 118 3930 sed
141 3864 275 3928 confusa
298 3871 384 3932 sunt.
442 3865 592 3948 Arbores,
627 3885 707 3948 quas
738 3853 865 3928 Plinius
889 3869 1064 3944 enumerat,
1099 3862 1228 3925 eaedem
1252 3867 1282 3925 et
1313 3863 1422 3927 eodem
1454 3864 1520 3931 fere

59 3969 175 4033 ordine
204 3968 292 4051 apud
319 3969 570 4052 Theophrastum
603 3969 823 4044 inveniuntur,
859 3968 923 4030 nisi
952 3966 1038 4049 quod
1068 3965 1117 4029 bis
1139 3963 1234 4029 binae
1265 3965 1352 4048 apud
1375 3968 1518 4034 Plinium

58 4075 169 4137 looum
197 4077 420 4136 mutaverunt:
455 4073 553 4156 φοῖνιξ,
577 4071 674 4159 δάφνη
698 4119 705 4135 .
728 4119 735 4134 .
756 4120 787 4134 ..
812 4072 912 4153 lauro,
942 4070 1079 4154 palmae3
1114 4067 1224 4152 πεύκης
1251 4093 1278 4132 τι
1309 4069 1398 4153 γένος,
1428 4072 1521 4137 κοπά-

59 4201 156 4264 ριττος
278 4195 440 4259 cupresso,
463 4177 557 4260 pinis.
601 4175 772 4258 Hederam,
804 4196 901 4258 quam
929 4176 1163 4258 Theophrastus
1191 4178 1275 4237 reete
1305 4173 1415 4239 laudat
1436 4178 1521 4242 inter

57 4282 292 4346 fruticosas
330 4280 465 4363 plantas,
510 4280 636 4344 Plinius
683 4278 871 4343 arborem
915 4278 1071 4343 urbanam
1116 4296 1186 4342 esse
1230 4283 1331 4360 putat,
1376 4281 1518 4365 itemque

58 4385 319 4466 rhododendron,
343 4385 427 4467 quod
452 4384 538 4468 apud
560 4383 810 4468 Theophrastum
842 4387 947 4447 exstat
973 4384 1056 4446 inter
1086 4381 1266 4468 ,φρογανικά
1297 4378 1347 4444 καὶ
1377 4383 1517 4467 ποιώθη“,

57 4491 231 4556 falsissime
254 4487 381 4551 Plinius
404 4489 567 4552 transtulit
589 4490 624 4551 in
647 4487 797 4551 arborum
820 4506 933 4571 genus.
969 4487 1035 4549 Alii
1058 4488 1179 4550 auctori
1202 4486 1329 4550 Plinius
1354 4486 1447 4551 debet
1470 4508 1517 4568 ea,

58 4615 145 4682 quae
170 4595 230 4658 sub
253 4592 352 4655 finem
376 4592 416 4656 de
437 4592 659 4658 rhododendro
683 4593 819 4675 eiusque
841 4593 875 4655 in
898 4590 1056 4654 medicina
1071 4592 1105 4652 vi
1121 4590 1228 4666 adfert,
1253 4589 1385 4654 fortasse
1405 4592 1518 4673 eidem,

55 4722 103 4767 ex
127 4718 200 4782 quo,
224 4716 306 4781 quae
328 4695 531 4761 Dioscorides
554 4697 573 4762 l.
595 4697 615 4759 l.
641 4696 762 4760 dehac
785 4697 894 4780 planta
924 4695 1008 4776 dioit,
1036 4693 1212 4759 fluxerunt.
1236 4693 1322 4782 ‘'Sed
1347 4695 1424 4757 haee
1447 4697 1518 4779 ipsa
