3292 5436
854 89 874 160 6

135 293 240 378 Negat
262 293 467 379 Sprengelius
489 293 551 376 (De
573 296 712 376 ratione,
738 313 821 379 quae
849 297 884 359 in
912 297 1043 359 historia
1071 296 1253 380 plantarum
1283 299 1365 361 Inter
1388 297 1534 362 Plinium
1551 282 1595 364 ‘et

136 398 384 482 Theophrastum
408 399 592 463 intercedat.
628 396 713 462 Diss.
729 399 837 482 inaug.
856 397 955 462 Ilerb.
976 399 1071 481 1890)
1092 399 1181 462 libris
1198 398 1262 464 XII
1286 407 1318 464 et
1340 399 1424 463 XIII
1447 403 1595 466 excussis

139 501 282 566 Plinium
316 501 566 579 Theophrastum
597 502 707 586 ‘ipsum
742 501 927 566 adhibuisse
961 509 1133 583 auctorem,
1168 504 1223 566 sed
1257 503 1344 567 hunc
1379 509 1507 568 tantum
1542 519 1596 588 per

139 606 280 669 medium
317 606 478 690 quendam
513 610 674 668 auctorem
709 606 897 688 cognovisse
933 605 1156 684 contendihet
1185 608 1220 669 in
1250 607 1300 669 his
1332 607 1461 691 quidem
1495 607 1595 687 libris,

35 768 38 773 .
140 709 260 792 quibus
291 709 418 774 Plinius
449 709 575 773 disserit
609 708 647 773 de
677 707 843 772 arboribus
877 709 1071 792 peregrinis,
1104 707 1201 772 libros
1234 711 1463 793 geographIoos
1495 710 1594 775 Iubae

142 814 311 896 praecipue
334 812 493 876 adhibitos
516 832 586 876 esse
609 812 695 875 dicit.
743 809 1017 892 (Mus.Rhen.46,
1040 833 1112 896 pag.
1136 813 1179 877 54
1196 815 1272 896 seq.)
1320 810 1412 888 Quod
1436 815 1597 896 posterius

138 935 218 979 num
240 921 364 979 rectum
388 917 437 996 sit,
466 916 616 1000 equidem
648 915 700 977 hic
731 912 908 997 diiudicare
935 915 1020 992 nolo,
1055 916 1109 980 sed
1141 916 1227 999 qood
1257 915 1465 1000 Sprengelius
1503 924 1598 1001 negat

137 1018 265 1083 Plinius
288 1022 419 1083 omnino
441 1019 646 1102 Theophrasti
668 1037 763 1101 opera
785 1018 891 1101 ipsum
914 1016 1040 1101 legisse,
1070 1018 1129 1082 hoc
1160 1019 1388 1094 certetalsum
1417 1038 1488 1083 csse
1522 1039 1596 1084 eon·
1641 1042 1644 1123 j

23 1138 27 1144 ·
67 1187 73 1197 ,
137 1123 242 1187 tendo.
271 1123 332 1187 Vel
354 1141 411 1206 per
433 1141 467 1186 se
490 1121 662 1186 verisImile
686 1141 750 1184 non
773 1121 911 1202 videtur,
934 1121 1092 1204 Plinium,
1115 1142 1189 1187 oum
1212 1124 1252 1188 de
1273 1124 1390 1207 plantis
1413 1124 1597 1206 scripturus

141 1232 234 1309 esset,
255 1226 471 1310 Theophrasti,
495 1226 550 1308 qui
574 1245 630 1309 per
660 1230 757 1288 totam
788 1225 1011 1308 antiquitatem
1040 1246 1166 1290 summa
1194 1228 1227 1289 in
1257 1227 1353 1291 rebus
1383 1227 1598 1310 phytologicis
1642 1222 1644 1227 ’

143 1331 308 1395 fruebatur
344 1330 538 1410 auctoritate,
576 1328 672 1393 libros
710 1349 774 1392 non
809 1328 1010 1410 adhibuisse;
1049 1330 1146 1394 immo
1184 1329 1272 1393 hur-rc
1310 1336 1345 1393 ut
1382 1331 1597 1413 praecipuum

141 1441 302 1499 auctorem
318 1453 392 1499 eum
416 1438 562 1496 secutum
586 1452 656 1497 esse
679 1434 786 1518 quivis
809 1432 1015 1517 exspectabit.
1053 1434 1104 1497 Ad
1129 1433 1409 1521 demonstrandum
1431 1453 1500 1498 rem
1528 1454 1598 1518 pro-

143 1539 224 1603 iecto
239 1539 283 1601 ita
300 1558 333 1602 se
355 1535 470 1601 habere
486 1538 635 1620 equidem
651 1539 684 1599 in
701 1538 760 1601 hac
776 1537 995 1602 dissertatione
1011 1537 1128 1602 librum
1145 1535 1237 1618 XVI,
1257 1556 1325 1621 quo
1341 1536 1468 1601 Plinius
1484 1542 1600 1602 tractat

141 1640 268 1706 arbores
292 1641 453 1719 silvestres
476 1648 507 1704 et
531 1641 569 1704 de
594 1648 707 1705 natura
730 1640 878 1723 arborum
901 1643 935 1705 in
961 1642 1149 1705 universum
1173 1641 1309 1722 disserit,
1332 1642 1493 1705 conteram
1519 1661 1596 1707 cum

139 1744 344 1829 Theophrasti
367 1743 457 1807 libris
480 1744 519 1808 de
542 1745 659 1828 plantis
682 1752 714 1809 et
735 1745 786 1827 iis,
811 1746 868 1829 qui
891 1764 932 1809 ex
947 1745 1160 1828 Theophrasto
1183 1745 1318 1810 fluxisse
1334 1745 1413 1808 mihi
1432 1745 1599 1826 videntur,

142 1851 220 1913 loeis
244 1849 357 1912 adlatis
382 1851 415 1910 in
440 1849 577 1932 siugulis
601 1849 765 1931 disseram,
788 1856 897 1912 utrum
921 1867 961 1912 ex
983 1847 1197 1931 Theophrasto
1220 1850 1289 1932 ipso
1313 1854 1442 1932 sumpta
1465 1850 1534 1939 sint
1558 1871 1596 1912 an
1636 1931 1641 1937 ¹

140 1974 182 2017 ex
205 1955 266 2017 alio
290 1947 429 2036 quodam
453 1958 591 2036 auctore,
616 1954 671 2037 qui
694 1955 764 2037 ipse
787 1952 1004 2037 Theophrasto
1035 1971 1116 2016 usus
1148 1958 1225 2033 erat,
1255 1955 1285 2014 et
1308 1958 1481 2035 quatenus,
1514 1973 1599 2036 quae

142 2065 288 2142 uterque
311 2063 422 2121 auctor
453 2064 484 2121 et
515 2056 639 2120 Plinius
675 2062 706 2120 et
738 2056 972 2141 Theophrastus
1006 2056 1164 2140 praebeat,
1197 2057 1282 2119 inter
1316 2075 1349 2120 se
1383 2058 1600 2138 consentiant,

145 2170 305 2246 quatenus
329 2163 519 2226 dissentiant
542 2168 573 2225 et
596 2160 755 2244 quomodo
778 2161 953 2241 dissensus,
986 2160 1042 2243 qui
1065 2160 1148 2222 inter
1170 2163 1346 2242 utrumque
1374 2160 1601 2242 inveniuntur,

142 2268 201 2330 orti
224 2269 299 2348 sint,
323 2267 498 2330 ostendam.
1042 2284 1045 2289 ’
1448 2257 1454 2267 ’

247 2370 458 2435 Transeamus
481 2371 580 2454 igitur
602 2370 641 2432 ad
665 2369 879 2452 comparanda
902 2366 1000 2432 verba
1024 2368 1194 2452 utriusque
1217 2368 1374 2431 auctoris!

249 2473 338 2550 Quae
360 2477 393 2537 in
419 2476 529 2558 primis
552 2474 625 2537 libri
642 2472 723 2537 XVI
746 2473 952 2557 paragraphis
977 2492 1081 2556 usque
1103 2471 1143 2536 ad
1162 2472 1200 2536 18
1225 2476 1336 2535 tractat
1353 2470 1489 2553 Plinius,
1514 2474 1600 2556 apud

142 2579 393 2662 Theophrastum
424 2598 488 2641 non
520 2584 648 2643 exstant
677 2585 708 2642 et
736 2577 896 2661 pleraque,
927 2578 961 2640 ni
990 2576 1090 2658 fallor,
1120 2596 1137 2640 e
1167 2575 1279 2638 Latino
1307 2581 1435 2640 auctore
1470 2583 1601 2661 sumpta

144 2688 240 2761 sunt,
265 2702 339 2746 narn
363 2682 489 2746 Plinius
511 2683 654 2765 loquitur
677 2682 728 2744 hic
751 2681 790 2744 de
813 2681 926 2744 civicis
951 2682 1084 2744 coronis.
1119 2679 1179 2744 Sed
1204 2679 1280 2742 inde
1303 2699 1322 2742 a
1343 2681 1541 2764 paragrapho
1563 2683 1600 2746 19

142 2786 277 2869 vestigia
299 2787 512 2852 inveniuntur
534 2784 749 2870 Theophrasti.

968 2888 984 2959 5
1005 2889 1047 2944 19.
1078 2875 1207 2938 (ilaridem
1226 2900 1293 2954 quae
1311 2885 1417 2953 proprie
1434 2884 1603 2956 intellegitur

896 2972 985 3026 lerunt
1001 2970 1090 3039 robur,
1109 2985 1232 3040 queram,
1256 2970 1390 3039 aesculus,
1415 2987 1516 3039 cerrus,
1536 2973 1601 3042 ilex,

898 3058 986 3113 suber.
1025 3056 1164 3113 continent
1187 3058 1296 3128 hispido
1319 3057 1410 3130 calyce
1434 3075 1481 3127 per
1505 3076 1603 3128 genera

898 3145 960 3214 plus
997 3147 1122 3200 minusve
1158 3147 1248 3200 cutem
1286 3145 1485 3215 complectente.
1539 3147 1603 3201 folia

899 3233 1001 3302 praeter
1040 3231 1131 3288 ilicem
1172 3233 1279 3303 gravia,
1321 3248 1444 3299 carnosa,
1483 3249 1602 3302 procera,

899 3335 1009 3375 sinuosa
1031 3317 1169 3387 lateribus,
1193 3335 1250 3386 neo,
1279 3319 1344 3373 dum
1366 3319 1474 3388 cadunt,
1502 3320 1602 3376 flaves-

899 3405 987 3459 centia
1010 3412 1042 3458 ut
1065 3403 1127 3472 lagi,
1151 3421 1198 3473 pro
1223 3405 1373 3460 differentia
1396 3422 1524 3475 generum
1545 3408 1603 3463 bre·

899 3491 974 3546 viora
991 3493 1036 3547 vel
1053 3490 1179 3559 longiora.
1225 3492 1303 3547 Iticis
1320 3493 1373 3548 dno
1391 3508 1488 3562 genera
1504 3510 1541 3548 ex
1559 3496 1604 3550 his

899 3578 928 3633 in
946 3577 1025 3634 Italia
1041 3579 1107 3635 folio
1124 3595 1178 3634 non
1195 3579 1233 3634 ita
1248 3579 1364 3634 multum
1376 3579 1409 3634 ab
1421 3579 1489 3635 oleis
1501 3580 1605 3636 distant

833 3663 836 3670 ’
900 3666 1011 3722 milaces
1028 3684 1045 3722 a
1062 3666 1224 3738 quibusdam
1242 3666 1350 3721 Graecis
1368 3668 1464 3737 dictae,
1486 3669 1517 3722 in
1542 3687 1604 3739 pro·

900 3753 1001 3808 vinciis
1018 3753 1159 3823 aquifoliae
1181 3754 1254 3809 sunt.

218 3837 849 3915 Η.Ρ.ΙΙΙ,16,1.Ὅδὲπρῖνος....μικρὰ
970 3839 1076 3895 Ilicis
1105 3839 1204 3909 glans
1234 3839 1375 3910 utriusque
1408 3841 1550 3896 brevior
1579 3847 1606 3898 et

148 3932 181 3986 δὲ
199 3927 217 4002 ἠ
236 3927 389 4002 βάλανος.
901 3925 1032 3996 gracilior,
1051 3943 1147 3996 quam
1159 3926 1291 3983 Homerus
1306 3926 1433 3997 acylon
1448 3929 1606 3997 appellat

217 4017 277 4084 53.
312 4015 454 4070 καλοῦσι
479 4016 513 4068 δέ
537 4033 605 4074 τινες
629 4012 684 4069 τὸν
709 4017 766 4086 μὲν
791 4019 849 4070 τοῦ
901 4029 1010 4084 eoque
1039 4015 1175 4069 nomine
1202 4031 1219 4069 a
1244 4014 1366 4083 glande
1396 4015 1604 4085 distinguit.

147 4104 267 4178 πρίνου
291 4100 402 4157 καὶτὸν
428 4097 527 4172 ταύτης
554 4098 682 4174 καρπὸν
710 4095 849 4167 ἄκυλον,
902 4100 1071 4157 masculae
1093 4099 1202 4156 ilices
1225 4103 1347 4171 negant
1368 4101 1466 4157 ferre.

147 4186 203 4244 τὸν
228 4190 262 4244 δὲ
285 4194 344 4261 τῆς
368 4185 465 4261 δρυὸς
487 4184 641 4259 βάλανον.
1036 4205 1039 4210 ·

218 4278 264 4342 III,
281 4280 306 4340 3,
322 4280 346 4334 6.
444 4274 498 4328 οἷον
526 4279 643 4347 πρῖνος
670 4269 684 4329 ὁ
713 4277 759 4348 μὲν
787 4273 850 4350 acip-

149 4380 235 4432 πιμος,
260 4357 273 4415 ὁ
299 4357 322 4415 δ’
343 4357 505 4434 ἄκαρπος·
534 4359 708 4437 ....σχεδὸν
736 4363 764 4418 δὲ
791 4357 851 4418 ὅσα

149 4442 852 4524 καλοῦσινἄρρενατῶνὸμογενῶνᾶκαρπα

149 4539 183 4588 τοι
201 4530 292 4589 πολλοί.

183 4619 261 4678 Hom.
280 4619 328 4674 (ld.
349 4641 372 4684 κ,
391 4624 457 4680 2421
475 4626 541 4675 τοῖσι
559 4621 587 4677 δὲ
604 4618 690 4694 Κίρκη

357 4703 418 4781 παρ’
432 4703 455 4781 ῤ’
469 4701 564 4763 ἄκυλον
583 4706 695 4779 βάλανον
713 4703 736 4762 τ’
749 4708 849 4780 ἔβαλον.
