3292 5436
857 144 899 209 48

149 398 159 418 ι,
216 351 251 403 H.
270 351 301 408 P.
319 351 367 415 lv,
393 357 435 418 13,
459 356 485 408 2.
532 348 661 426 βραχύβιοι
686 350 714 403 δὲ
738 351 782 404 καὶ
806 346 854 422 ἀρ-

148 439 236 493 πέλων
255 440 310 492 ἔνιοι
328 442 389 511 γένη
409 441 454 493 καὶ
473 436 585 510 μάλιστα
603 435 637 490 τὰ
654 433 819 509 πολιίκαρπα.

158 560 163 569 ·
219 524 247 578 C.
266 524 295 578 P.
315 524 350 590 V,
375 529 416 590 11,
440 528 466 580 2.
513 525 565 578 ἔστι
594 525 621 578 δὲ
645 544 683 584 τις
706 525 752 577 καὶ
776 525 853 596 ἑτέρα

149 608 166 683 ἠ
186 609 229 664 διὰ
246 611 294 683 τὴν
320 608 463 684 εἰκαρπίαν
486 613 531 665 καὶ
555 611 747 684 πολυκαρπίαν·
772 615 854 664 τᾰυτα

150 702 197 770 μὲν
219 693 263 753 οὖν
370 695 445 771 φύσει
468 695 596 772 βραχυβια
621 697 854 770 ἐξαναλισκορένης

149 785 263 839 ἐνταῦθα
281 790 328 856 τῆς
348 780 444 844 οὐσίας.
499 789 501 792 ’

223 871 250 924 O.
265 870 296 923 P.
308 869 345 936 11,
365 875 406 937 11,
424 874 449 927 2.
486 871 530 923 καί
549 890 612 923 ποτε
631 870 728 941 μᾶλλον
748 870 775 923 δὲ
793 871 855 923 πολ-

149 955 222 1018 λάκις
245 955 482 1032 ὑπερκαρπήααντα
500 955 533 1010 τὰ
554 957 646 1029 δένδρα
674 953 706 1010 δι’
720 953 854 1010 ἀσθένειαν

151 1042 291 1119 &paccata
301 1047 346 1098 καὶ
354 1042 470 1116 ,μάλιστα
479 1041 554 1098 τοῦθ’
568 1045 592 1096 οί
603 1039 713 1115 ἄμπελοι
726 1041 855 1118 πάσχουσι

72 1134 77 1139 ’
150 1134 196 1186 καί
220 1127 302 1185 τᾶλλα
327 1133 354 1186 δέ
379 1128 534 1203 πολίκαρπα
559 1129 600 1184 διὰ
624 1129 653 1184 τὸ
679 1129 855 1203 έξανηλῶσθαι

151 1218 198 1290 τὴν
219 1215 294 1292 φύσιν
314 1216 427 1279 εἰςίτυὺς
445 1215 568 1292 καρπούς.

978 1287 994 1354 ἓ
1014 1291 1072 1344 119.
1103 1285 1199 1339 Contra
1215 1301 1306 1338 morus
1318 1285 1474 1338 tardissime
1488 1301 1587 1339 senese

907 1374 998 1428 fructu
1021 1373 1143 1426 minume
1170 1371 1300 1425 laborans.
1342 1372 1415 1424 tarde
1444 1374 1473 1425 et
1501 1388 1587 1440 quoru

908 1460 996 1529 crispa
1014 1460 1148 1526 materies,
1167 1460 1197 1522 ut
1216 1457 1310 1525 palma,
1329 1474 1397 1525 acer,
1417 1459 1547 1527 populus.

221 1546 249 1599 C.
267 1545 298 1602 P.
317 1544 353 1613 II,
379 1548 420 1611 11,
445 1549 475 1602 3:
504 1543 545 1599 διὰ
569 1551 646 1599 τοῦτο
664 1547 708 1599 καὶ
726 1543 758 1598 τὰ
777 1566 855 1619 γεωρ-
977 1545 1012 1600 Et
1035 1547 1158 1600 subarata
1182 1546 1258 1598 ocius
1281 1547 1432 1598 senescunt.
1478 1545 1587 1600 silvestr

150 1630 265 1704 γούρενα
283 1636 333 1684 τῶν
353 1628 523 1704 ἀγεωργήτων
551 1631 644 1685 θᾶττον
669 1630 794 1705 γηράσκει
811 1635 856 1687 καὶ
891 1635 997 1709 ‚autem
1030 1633 1191 1686 tardissime.
1239 1633 1319 1699 atque
1352 1632 1380 1684 in
1409 1635 1499 1685 totum
1530 1649 1587 1685 omn

150 1717 184 1773 τὰ
208 1719 300 1789 βελτίω
326 1723 376 1771 τῶν
401 1715 526 1793 χειρόνων
551 1721 596 1773 καὶ
619 1717 653 1771 τὰ
680 1715 765 1793 ἥμερα
790 1715 856 1779 ὅλως
909 1735 973 1772 cura
1001 1719 1168 1773 fertilitatem
1194 1719 1291 1785 adicit,
1318 1718 1442 1772 fertilitas
1472 1721 1587 1773 senecta]

151 1809 201 1858 τῶν
226 1801 398 1878 ἀγρίων
425 1801 507 1877 ἀλλ’ἢ
527 1804 653 1879 θεριίπεια
677 1805 740 1880 πρὸς
758 1826 855 1879 καρπο-
907 1806 968 1859 ideo
986 1809 1014 1859 et
1032 1807 1189 1873 praeflorent
1204 1806 1267 1858 talia
1279 1808 1306 1857 et
1317 1806 1543 1872 praegcrminant
1562 1808 1587 1858 to

152 1892 238 1963 γωνίαν
259 1887 288 1945 οὐ
308 1890 371 1965 πρὸς
390 1890 472 1967 ἰσχύν.
909 1892 1045 1960 praecocia
1072 1893 1157 1960 fiunt,
1194 1892 1320 1960 quoniam
1354 1892 1444 1946 omnis
1473 1893 1587 1946 infirmit

221 1977 256 2032 H.
267 1978 297 2036 P.
308 1967 358 2046 Ill,⁴
372 1983 412 2045 13,
425 1982 450 2035 2.
481 1977 609 2054 βραχίβια
628 1981 655 2033 δὲ
667 2019 673 2031 .
685 2020 690 2031 .
702 2018 725 2031 ..
745 1977 856 2051 μάλιστα
909 1978 981 2034 caelo
999 1980 1085 2048 magis
1104 1979 1220 2034 oboedit.

153 2063 186 2118 τὰ
204 2063 368 2138 πολύκαρπα.

221 2150 340 2218 Ο.Ρ,ΙΙ,
361 2157 401 2219 11,
421 2157 444 2209 7.
475 2153 584 2224 καὶγὰρ
604 2153 691 2206 πλεῖον
712 2149 859 2225 ἀφαιρεῖται

152 2243 199 2310 τῆς
237 2236 338 2311 φύσεως
373 2242 417 2292 καὶ
453 2234 483 2292 τὸ
520 2234 579 2292 ὅλον
612 2234 785 2312 ἀσθενέστερα
814 2242 858 2294 καί

154 2322 284 2398 μανότερα
328 2330 411 2378 ταῦτα
448 2320 506 2378 δι’ίί
541 2328 586 2378 καὶ
632 2324 857 2400 πρωῖκαρπότερα.

152 2412 248 2464 θᾶττον
284 2410 331 2485 γὰρ
368 2414 412 2465 καὶ
449 2413 545 2483 μᾶλλον
581 2410 707 2467 ὑπακούει
734 2419 772 2484 τῷ
803 2410 859 2487 ἀέρι

155 2497 184 2552 τὸ
204 2495 318 2559 ἀσθενές.

260 2587 298 2649 In
333 2592 397 2650 tota
431 2588 489 2650 hac
523 2593 611 2670 parte
643 2588 719 2650 inde
751 2608 912 2671 aparagr.
940 2589 1002 2652 112
1032 2589 1091 2651 etsi
1126 2585 1283 2649 nonnulla
1318 2586 1403 2668 apud
1439 2591 1587 2669 utrumqr

159 2696 352 2773 congruunt,
374 2690 525 2773 pleraque
554 2697 660 2754 tamen
681 2711 702 2754 a
724 2690 937 2774 Theophrasto
968 2693 1074 2755 aliena
1104 2694 1190 2772 sunt,
1221 2708 1337 2772 neque,
1370 2709 1453 2772 quae
1485 2696 1587 2773 uterqr

157 2792 295 2880 praebet,
328 2799 391 2855 tam
414 2792 607 2857 verbotenus
637 2797 720 2858 inter
749 2815 782 2858 se
812 2796 1016 2879 respondent,
1049 2801 1086 2858 ut
1117 2797 1194 2859 haec
1228 2814 1269 2857 ex
1299 2794 1518 2879 Theophrasto
1554 2798 1586 2878 ip

111 2980 114 2986 ¹
157 2897 301 2960 Plinium
325 2901 507 2960 mutuatum
534 2917 602 2961 esse
626 2900 824 2962 contendam.
873 2898 978 2974 Quare
1012 2906 1089 2982 puto
1119 2918 1186 2961 non
1214 2898 1467 2981 Theophrastum
1501 2901 1587 2982 ipsur

160 3002 331 3065 sedulium
350 3001 522 3083 quendam,
547 3004 603 3084 qui
625 3004 694 3085 ipse
710 3002 923 3086 Theophrasto
946 3022 1026 3067 usus
1043 3009 1119 3084 erat,
1142 3004 1194 3065 hic
1215 3002 1315 3066 fuisse
1331 3009 1496 3066 auctorem
1514 3003 1587 3066 Plin

226 3120 259 3172 H.
279 3120 309 3172 P.
331 3120 379 3188 lll⁷
399 3126 424 3186 7,
444 3126 467 3177 3.
504 3120 605 3195 Φέρει
630 3123 708 3177 δὲτὰ
728 3126 773 3195 μὲν
793 3118 859 3177 ἄλλα
983 3126 1076 3191 §raa
1112 3121 1241 3176 Multae
1270 3122 1369 3190 plura
1395 3120 1568 3189 gignunt,

155 3207 199 3261 τόν
218 3229 247 3262 τε
265 3207 364 3281 καρπὸν
384 3207 427 3261 τὸν
447 3210 543 3262 ἑαυτῶν
562 3213 606 3263 καὶ
622 3211 655 3263 τὰ
671 3207 730 3263 κατ’
744 3208 859 3264 ένιαυτόν
913 3210 1035 3263 diximus
1054 3211 1081 3262 in
1095 3209 1258 3277 glandiferis,
1277 3209 1374 3261 inter
1392 3224 1480 3275 quas
1500 3209 1587 3262 laur

157 3292 320 3366 ἐπιγινόμενα
338 3300 420 3349 ταῦτα
433 3293 538 3369 φύλλον,
554 3291 639 3361 tata,
658 3295 768 3368 βλαστόν
783 3337 859 3350 .....
913 3313 999 3350 uvas
1041 3310 1143 3364 suas,
1188 3311 1413 3363 maxumeque
1462 3296 1587 3349 sterili

156 3382 195 3436 τὰ
223 3383 256 3436 δέ
283 3384 402 3446 πλείω,
437 3378 556 3455 καθάπερ
585 3422 695 3435 .....
724 3382 741 3455 ἠ
762 3381 860 3457 Ἥρα·
914 3383 1328 3451 quaenongignitaliud.
1356 3383 1587 3450 obidaquibu

156 3467 326 3540 κλεωτικὴ
344 3467 861 3544 καριίατὸνίουλον,καὶήπρῖνος
914 3473 986 3523 dam
1021 3485 1090 3522 mas
1126 3470 1364 3523 existimatur.
1426 3469 1552 3522 ferunt

156 3554 201 3609 τὸν
215 3560 346 3629 φοινικοῦν
360 3554 464 3620 κόκκον,
484 3553 548 3627 ἠδὲ
567 3553 676 3630 δοίφνη
695 3556 730 3610 τὸ
750 3554 860 3630 βριίυν.
914 3556 1094 3609 abellanae
1112 3556 1206 3610 iulos
1226 3556 1376 3624 compactili
1396 3555 1474 3623 callo,
1501 3558 1538 3610 ad
1556 3557 1586 3609 ni

157 3641 235 3716 Φέρει
261 3647 306 3714 μὲν
325 3644 370 3695 καί
388 3639 405 3713 ἠ
424 3640 597 3716 καρποφόρος,
623 3645 645 3696 εἰ
666 3643 701 3715 μὴ
721 3647 765 3698 καὶ
783 3649 860 3708 πᾶσα,
915 3643 999 3712 utilis.

158 3726 225 3784 ἀλλὰ
260 3731 304 3783 καὶ
340 3732 413 3801 γένος
448 3750 472 3782 τι
509 3728 607 3801 αὐτῆς·
645 3727 675 3784 οὐ
712 3730 762 3802 μὴν
797 3728 862 3785 ἀλλὰ

157 3817 260 3870 πλέον
288 3813 305 3888 ἡ
335 3811 500 3889 σ’ίκαρπος,
529 3811 567 3887 ἣν
593 3813 630 3888 δὴ
654 3819 710 3871 καὶ
738 3813 863 3892 ἄρρενοί

157 3922 250 3962 τινες
280 3904 539 3957 καλοῦσιν
567 3904 675 3957 πλεῖστα
703 3905 730 3958 δὲ
757 3902 861 3959 πάντων

157 3986 175 4060 ἡ
195 3990 254 4061 δρῦς
272 3989 343 4062 παρὰ
361 3988 405 4044 τὸν
424 3987 532 4064 καρπόν.
1113 4037 1115 4042 .

226 4073 277 4141 ΙΠ,
303 4080 344 4143 15,
369 4081 393 4134 5.
426 4073 460 4130 ‘H
486 4079 513 4131 δὲ
539 4074 617 4137 πνίξας
713 4074 809 4146 πλήθει
835 4078 862 4131 δὲ
914 4075 1037 4144 pluruma
1061 4091 1125 4128 vero
1147 4075 1222 4141 buxi,
1247 4091 1308 4127 nam
1332 4076 1359 4126 et
1383 4089 1475 4127 semen
1496 4090 1584 4130 suum

158 4160 225 4217 πολὺ
243 4159 380 4236 κράταιγός
399 4165 460 4227 ἐστι,
480 4165 503 4218 ol
520 4161 861 4236 ὃὲκραταιγόνακαλοῦσιν.
915 4180 1040 4231 granum,
1083 4162 1153 4229 quod
1195 4162 1346 4228 crataegum
1381 4162 1495 4228 vocant,
1543 4165 1572 4216 et

229 4247 382 4316 111,16,1.
420 4246 453 4304 ‘0
474 4251 501 4304 δὲ
519 4257 608 4324 πρῖνος
724 4249 801 4323 Φέρει
818 4252 862 4303 καὶ
915 4250 1095 4317 septentrione
1120 4248 1236 4315 viseum,
1261 4263 1276 4299 a
1300 4246 1411 4299 meridie
1431 4245 1570 4318 hyphear,

160 4333 232 4408 παρὰ
249 4335 297 4407 τὴν
314 4333 425 4408 βσίλανον
439 4334 535 4390 κόκκον
548 4337 605 4390 τινὰ
619 4342 761 4410 porat-acha.
781 4333 862 4411 Ἴσχει
916 4337 978 4403 quis
996 4335 1073 4403 plura
1096 4350 1160 4389 mox
1178 4334 1266 4401 paulo.
1294 4333 1498 4399 interdumque
1528 4337 1587 4402 pari

159 4422 247 4477 δὲκαὶ
263 4421 326 4482 ἰξίαν
345 4424 389 4475 καὶ
409 4419 505 4496 ὑφέαρ·
531 4418 595 4477 ὥστε
615 4424 697 4476 ἐνίοτε
717 4425 863 4495 συμβαίνειν
916 4438 959 4475 res
978 4423 1118 4488 quaternas
1136 4421 1241 4474 habent.

40 4552 94 4577 ,
157 4511 285 4582 τέτταρας
310 4503 364 4580 ἅμα
386 4507 504 4582 καρποὺς
528 4510 596 4583 ἔχειν
622 4506 713 4573 αὐτὸν,
744 4508 789 4563 δίο
818 4513 863 4581 μὲν

88 4664 91 4673 Ι
158 4593 221 4656 τοίς
238 4597 341 4659 ἑαυτοῦ,
361 4591 406 4648 δύο
426 4591 448 4647 δ’
464 4590 563 4659 ἄλλους,
582 4594 626 4650 τόν
644 4617 672 4650 τε
684 4601 731 4668 τῆς
746 4596 807 4656 ἰξίας
820 4599 865 4650 καὶ

90 4684 94 4697 ’
159 4700 205 4737 τον
222 4687 269 4738 τοῦ
282 4679 404 4756 ὑφέαρος.
436 4683 481 4734 καὶ
493 4679 540 4751 τὴν
555 4685 599 4754 μὲν
613 4683 676 4744 ἰξίαν
690 4686 762 4757 φέρει
772 4685 801 4736 ἐκ
814 4687 864 4736 τῶν

110 4816 114 4823 .
158 4765 225 4843 πρὸς
235 4765 553 5088 βορρᾺἭκ
562 4775 611 4823 τῶν
621 4769 684 4844 πρὸς
694 4771 864 4843 μεσημβρίαν.
