3292 5436
839 149 880 214 88

197 353 231 420 V,
255 359 287 422 4,
309 360 334 412 4.
383 351 419 410 oi
444 375 504 428 γαρ
529 355 661 426 γίνεται
685 354 834 428 τερηδὼν
958 355 974 421 ξ
1002 360 1062 414 220.
1108 356 1297 412 infestantium
1327 361 1462 426 quattuor
1492 374 1548 426 gem

128 437 232 512 ἀλλ’ἢ
252 443 284 494 ἐν
302 447 341 516 τῃ·
360 439 522 515 θαλάττῃ.
549 437 643 496 Ἔστι
661 439 834 515 δὲήτερη-
888 442 1073 496 teredines
1096 444 1212 511 capite
1234 446 1274 499 ad
1296 447 1502 513 portionem
1524 463 1548 514 g,

128 527 192 582 δὼν
211 534 253 600 τῷ
273 532 331 600 μὲν
355 528 494 600 μεγέθει
520 527 656 601 μικρὸν,
680 528 834 603 κεφαλὴν
888 528 1030 582 vissimo
1048 530 1171 584 rodunt
1189 532 1358 586 dentibus.
1390 532 1454 586 hae
1472 535 1544 586 tant

128 613 238 690 δ’ἔχει
257 613 422 689 μεγάλην,
442 618 499 670 καὶ
519 612 669 676 ὀδόντας.
887 615 923 668 in
949 617 1034 669 mari
1062 618 1282 690 sentiuntur,
1317 636 1367 674 nec
1395 620 1479 674 aliam
1504 623 1548 687 put

198 708 222 760 5.
259 701 295 758 Ol
321 705 355 756 δὲ
379 703 501 776 uptam
524 697 639 774 ὅμοιοι
662 709 733 762 τοῖς
751 700 834 756 σκύι-
888 702 1036 756 teredinem
1073 704 1177 777 proprie
1213 705 1278 760 diei.
1337 709 1476 761 terrestris
1511 707 1548 759 tin

127 789 240 861 ληξιν,
274 786 317 863 ὑφ’
339 785 376 842 ὧν
404 792 551 863 περαίνεται
583 787 652 843 κατὰ
684 789 775 864 μικρὸν
801 790 835 844 τὰ
888 792 992 857 vocant,
1011 790 1187 845 culicibus
1208 809 1285 848 vero
1304 793 1438 848 similis
1457 793 1546 862 thrip

129 875 272 937 ξύλα
309 875 378 929 Τῶν
398 878 432 930 δὲ
451 875 634 948 σλιαλήκων
658 882 710 930 τῶν
736 879 834 936 ἐντοῖς
888 878 1013 943 quartum
1030 879 1073 930 est
1090 881 1118 931 et
1135 895 1149 930 e
1168 881 1442 936 vermiculorum
1460 897 1548 950 gene]

52 1020 55 1025 ,
129 961 214 1024 ξύλοις
250 965 279 1017 oi
316 966 375 1035 μέν
412 965 498 1018 εἰσιν
538 966 574 1017 ἐκ
609 969 667 1036 τῆς
704 965 835 1024 οἰκείας
888 964 1048 1016 eteorum
1070 963 1384 1033 aliiputrescente
1409 983 1495 1021 suco
1517 968 1547 1034 ip

58 1068 60 1072 ·
129 1048 280 1123 σήψεως,
326 1052 356 1115 οἱ
392 1047 415 1103 δ’
438 1048 664 1105 ἐντικτύντων
701 1053 833 1124 ἑτέρων.
887 1050 1048 1117 materie,
1089 1051 1154 1105 alii
1197 1055 1387 1120 pariuntur
1430 1054 1522 1106 sicut

129 1139 277 1191 ἐντίκτει
303 1137 361 1211 γὰρ
388 1133 496 1211 ὥσπερ
522 1140 581 1192 καὶ
606 1141 637 1191 ἐν
662 1135 734 1199 ταῖς
762 1140 834 1191 diu-
888 1137 1075 1192 arboribus
1101 1156 1144 1192 ex
1167 1156 1221 1208 eo,
1254 1142 1314 1209 qui
1348 1143 1544 1194 cerastesv

129 1226 222 1297 δροις
250 1221 263 1278 ὁ
291 1221 461 1298 κεράστης
493 1223 719 1297 καλούμενος,
753 1221 832 1279 ὅταν
888 1225 994 1278 catur.
1023 1241 1094 1278 cum
1112 1229 1241 1280 tantum
1258 1227 1377 1295 erosit,
1397 1230 1431 1281 ut
1450 1226 1548 1280 circui

128 1308 272 1386 τιτραίνιρ
296 1314 352 1365 καὶ
375 1313 483 1385 κοιλαίνῃ
503 1315 749 1386 περιστραρεὶς
775 1309 833 1365 duo·
886 1313 963 1377 agat
981 1327 1031 1380 se,
1050 1313 1327 1381 generatalium.

128 1402 224 1472 περεί
244 1395 422 1473 pandulpbo.

240 1556 279 1618 In
314 1557 374 1619 hac
407 1558 604 1640 paragrapho
639 1557 859 1641 componenda
892 1557 1019 1620 Plinius
1051 1563 1172 1640 praeter
1205 1560 1458 1642 Theophrastum
1492 1561 1545 1623 aliu

131 1658 283 1722 Latinum
315 1666 475 1724 auctorem
504 1660 649 1725 adhibuit
683 1666 725 1741 et,
762 1680 848 1742 cum,
884 1680 965 1744 quae
999 1667 1136 1745 uterque
1166 1662 1325 1746 praebuit,
1359 1665 1548 1727 commisceri

129 1782 197 1826 rem
221 1763 375 1827 confudit.
420 1762 654 1847 Theophrastus
677 1767 737 1829 tria
759 1784 876 1848 genera
899 1766 1104 1830 bestiolarum
1127 1768 1241 1830 harum
1263 1767 1430 1831 discernit:
1455 1771 1548 1853 τερηὸι

131 1887 214 1949 quae
238 1869 271 1930 in
295 1871 375 1930 mari
398 1873 525 1932 tantum
548 1875 708 1946 nascatur,
734 1876 765 1932 et
787 1872 984 1933 terrestrium
1008 1871 1072 1933 duo
1096 1888 1230 1954 genera:
1256 1868 1356 1956 ύρίπες
1381 1880 1413 1936 et
1437 1871 1547 1954 σκώληκ

130 1971 260 2034 Adiecit
276 1971 404 2035 Plinius
428 1979 578 2054 quartum
602 1993 716 2057 genus,
740 1975 794 2036 cui
810 1993 928 2037 nornen
947 1975 1090 2055 ‚,tineae“
1109 1974 1231 2037 tribuit.
1276 1974 1349 2038 Hoc
1373 1976 1548 2060 desumpsis

129 2077 208 2138 mihi
239 2077 366 2140 videtur
395 2095 437 2140 ex
466 2076 580 2140 Latino
615 2077 669 2139 illo
705 2083 853 2159 auctore,
889 2080 946 2161 qui
979 2079 1111 2143 fortasse
1145 2077 1329 2161 ,,σκιύλτ,κες“
1364 2088 1505 2144 verterat
1535 2101 1548 2163 p

133 2182 286 2261 „tineae“.
334 2180 443 2244 Cetera
466 2182 552 2263 apud
576 2187 751 2263 utrumque
774 2183 867 2264 plane
891 2188 1082 2265 congruunt.

199 2350 835 2428 Φεύγειὃὲτύτεύσρ,ώὸηκαὶπικρὰ
958 2356 973 2422 ξ
1002 2360 1061 2413 221,
1113 2355 1203 2408 Haec
1234 2356 1333 2408 nasci
1364 2355 1535 2422 prohibet

129 2444 185 2495 καὶ
205 2439 352 2514 σκληρὰ,
378 2441 419 2494 διὰ
443 2439 473 2495 τὸ
499 2440 535 2513 μὴ
560 2438 685 2495 δύνασθαι
709 2447 834 2514 τιτρᾰναι,
887 2443 973 2495 aliis
1010 2441 1219 2507 amaritudo,
1263 2445 1294 2494 ut
1329 2457 1520 2510 cupresso,

129 2528 248 2602 καθάπερ
266 2527 327 2600 τήν
346 2525 458 2587 πύξον.
887 2530 973 2583 aliis
992 2529 1141 2596 duritia,
1160 2532 1197 2581 ut
1214 2529 1314 2582 buxo.

201 2632 308 2686 Vitruv.
327 2632 363 2700 ΙΙ,
387 2639 412 2698 9,
439 2637 478 2690 12.
523 2649 575 2686 non
603 2634 694 2685 minus
721 2635 763 2684 est
804 2632 834 2683 d·

130 2720 282 2773 mimndum
301 2720 334 2772 do
352 2736 526 2788 cupressu
544 2720 571 2770 et
589 2719 664 2785 pinu,
683 2718 754 2784 quod

131 2808 160 2859 in
179 2809 341 2860 uetustatem
366 2807 425 2859 sine
442 2806 521 2859 vitiis
540 2806 739 2870 consuluntur,
764 2805 835 2870 (puod

129 2894 154 2946 is
182 2893 286 2961 liquor,
314 2893 361 2961 qui
388 2894 461 2946 inest
487 2893 596 2960 penitus
623 2892 652 2943 in
679 2890 835 2958 corporibus

130 2996 236 3045 earum,
271 2979 352 3033 habet
386 2995 534 3032 amarum
570 2994 738 3046 saporem,
776 2978 834 3046 qui

129 3069 271 3135 propter
288 3067 526 3121 acritudinem
544 3081 609 3120 nou
627 3066 834 3132 patitur....

130 3169 185 3207 eas
203 3154 392 3220 bestiolas,
411 3169 495 3220 quae
514 3156 595 3205 sunt
613 3154 789 3206 nocentes.

200 3258 382 3327 Theoph1·.V‚
406 3263 437 3323 4,
463 3265 490 3316 6‚·
529 3256 613 3312 Φασὶ
638 3260 671 3312 δὲ
695 3255 833 3327 καὶπὴν
957 3260 1099 3311 tradunt
1121 3264 1153 3310 et
1176 3257 1327 3311 abietem
1350 3256 1548 3327 circagern

131 3344 503 3419 ἐλάτηνιρλαισθεῖσαν
530 3342 834 3417 ύπὸτὴνβλαίστη-
887 3346 1048 3398 nationes
1078 3344 1347 3410 decorticatam,
1384 3359 1437 3410 qua
1476 3346 1548 3398 dixir

131 3454 181 3486 σιν
202 3430 314 3505 deuel,
334 3435 508 3505 διαμένειν
528 3435 559 3486 ἐν
578 3438 622 3502 τῷ
638 3428 772 3493 ὕδατι,
887 3434 958 3499 luna,
976 3449 1062 3500 aqua
1079 3447 1143 3485 non
1162 3432 1347 3499 corrumpi.

201 3541 239 3595 7:
265 3535 317 3592 Ἔν
341 3536 434 3610 Τύλιρ
460 3539 493 3591 δὲ
517 3543 556 3610 τῇ
581 3535 670 3608 νήσῳ
695 3540 733 3608 τῇ
759 3535 834 3606 περὶ
957 3536 1102 3589 Alexandri
1120 3537 1210 3603 magui
1228 3536 1340 3590 comites
1358 3535 1548 3602 prodidert

130 3625 188 3695 τὴν
211 3622 366 3699 Ἀραβίαν
392 3627 479 3679 εἷναί
504 3626 534 3678 τί
560 3644 640 3698 punt
666 3620 776 3685 ξύλον,
802 3620 834 3680 ἐξ
887 3624 922 3676 in
940 3623 1022 3691 hylo
1045 3622 1155 3676 Rubri
1180 3624 1285 3676 maris
1309 3621 1427 3675 insula
1451 3623 1548 3676 arbo]

131 3708 226 3766 αὗτὰ
244 3713 347 3765 πλοῖα
369 3717 638 3784 νανπηγοῡνται·
664 3714 741 3763 τοῦτο
762 3709 789 3763 δὲ
808 3709 848 3760 ἐν·
887 3726 964 3764 esse
993 3726 1033 3763 ex
1059 3709 1187 3778 quibus
1215 3725 1320 3762 naves
1348 3709 1482 3761 fierent
1512 3727 1548 3777 qu

131 3802 177 3870 ρὲν
197 3805 229 3872 τῇ
245 3796 361 3871 θαλάττῃ
382 3797 473 3873 σχεδὸν
494 3794 646 3870 ἄσηπτον
665 3798 743 3851 εἶναι·
764 3797 834 3849 δια·
888 3798 935 3852 CO
961 3797 1062 3851 annis
1089 3797 1253 3850 durantis
1284 3798 1453 3850 luventas
1485 3800 1536 3857 et,

131 3889 226 3958 μένει
245 3884 301 3958 γὰρ
322 3887 378 3958 ἔτη
399 3887 501 3940 πλείω
521 3880 538 3956 ί,
559 3882 717 3938 διακόσια
735 3903 834 3937 κατα·
887 3887 1139 3950 mergerentur,
1158 3885 1390 3951 incorruptas.
1424 3883 1460 3934 in
1479 3884 1540 3936 ead

131 3970 373 4043 βυθιζύρεναν·
411 3970 454 4025 ἐὰν
486 3973 513 4025 δὲ
544 3972 607 4036 ἔξω,
644 3969 748 4046 χρόνιον
780 3973 834 4040 μὲν,
888 3987 963 4025 esse
981 3971 1138 4024 fruticem
1156 3970 1288 4039 baculijs
1307 3971 1548 4024 tentumidonl

130 4061 226 4113 θᾶττον
246 4061 273 4113 δὲ
293 4057 409 4131 σήπεται.
448 4057 602 4130 Θαυμαστὸν
628 4060 655 4112 δὲ
679 4060 724 4111 καί
748 4058 834 4129 ἕτερον
889 4058 1086 4125 crassitudinis,
1107 4059 1242 4134 varium
1261 4057 1408 4124 tigrium
1428 4056 1544 4111 mucul

130 4149 241 4218 λέγουσι,
267 4143 340 4200 οὐδὲν
361 4147 388 4200 δὲ
406 4145 469 4218 πρὸς
487 4149 535 4218 τὴν
556 4149 647 4218 σῆψιν·
673 4145 762 4199 εἶναι
787 4141 835 4216 γάρ
888 4147 1120 4214 ponderosum
1155 4147 1203 4211 et,
1239 4160 1314 4196 oum
1350 4143 1383 4194 in
1418 4145 1548 4212 spissi(

129 4254 159 4287 τι
205 4235 362 4307 δένδρον,
406 4233 437 4293 ἐξ
474 4229 510 4286 οὗ
546 4232 604 4292 τὰς
647 4232 835 4304 βακτηρίας
888 4231 1462 4299 decidat,vitrimodolragilem.

128 4321 333 4391 τέμνεσθαι,
370 4322 414 4373 καὶ
452 4320 567 4392 γίνεσθαι
608 4319 690 4378 καλὰς
728 4315 835 4391 σφόδρα,

130 4408 306 4461 ποικιλίαν
326 4409 360 4461 δέ
378 4428 454 4460 τινα
472 4405 636 4482 ἐχούσας,
661 4402 776 4478 ὅμοιον
796 4410 839 4477 τῷ

129 4499 187 4548 τοῦ
213 4496 343 4567 τίγριας
368 4496 526 4567 δέρματι1
552 4494 634 4567 βαρύ
654 4496 688 4547 δὲ
708 4492 836 4566 σιρύδρα

129 4581 160 4636 τὸ
186 4580 260 4642 ξύλον
285 4588 376 4636 τοῦτο·
405 4577 482 4635 ὅταν
512 4583 545 4636 δέ
572 4603 621 4642 τις
647 4583 727 4655 ῥίψῃ
756 4579 835 4653 πρὸς

130 4667 362 4742 στερεώτερον
391 4667 509 4733 τύπον,
542 4667 834 4742 καταρήγννσίίαι,

129 4753 518 4829 καθάπερτάκεραίρια.
