3292 5436
660 120 783 237 33¹

77 378 90 428 ῦ
122 376 336 447 καλουμένου
373 376 543 449 κρότωνας
580 376 657 432 oiad-
709 379 762 433 cici
781 379 1013 434 diximusvocari.
1041 381 1139 450 Populi
1158 384 1210 438 tria
1227 386 1415 454 genera2alba

71 463 102 515 αὶ
124 461 394 537 έτεροορήρονα.
708 481 740 518 ac
757 467 834 534 nigra
857 468 885 519 et
909 483 977 534 quae
994 468 1097 537 Libyca
1120 470 1271 538 appellatur
1294 473 1415 527 minuma

67 563 92 602 ec
128 548 288 616 populorum
324 550 425 604 divisio
463 553 534 619 apud
570 551 655 605 Thec-
708 551 774 606 lolio
809 569 840 607 ae
875 553 1020 622 nigerrima
1050 557 1194 625 fungisque
1223 559 1414 614 enascentibus

67 651 86 686 n
107 651 158 688 non
177 639 274 689 exstat.
708 639 901 693 laudatissima.
1347 648 1350 653 '

779 728 794 793 ἓ
813 731 855 784 86.
891 727 951 781 alba
967 727 1031 782 folio
1049 728 1159 798 bicolor,
1182 745 1297 798 superne
1321 732 1414 785 candi·

709 828 772 866 cans
797 811 921 867 inferiore
945 817 1019 882 parte
1043 802 1136 882 viridis
1181 817 1247 870 huic
1271 818 1414 886 nigraeque

83 898 141 966 μὲν
169 895 228 968 γὰρ
256 899 314 950 νέα
346 903 524 971 περιφερῆ,
555 898 594 952 τὰ
621 900 656 953 δὲ
708 899 903 953 etcrotoniin
922 900 1414 958 iuventacircinataerctun·

67 979 157 1055 ἑτερο
183 984 365 1054 μονοειδῆ·
398 987 443 1038 καὶ
469 987 505 1044 εἰς
531 990 609 1039 τοῦτο
638 983 656 1059 ἡ
709 985 839 1038 ditatis
865 990 960 1054 sunt,
984 990 1183 1043 vetustiora
1206 991 1242 1043 in
1267 990 1413 1060 angulos

67 1067 236 1128 οιςτοὶντων.
279 1069 344 1124 Τοῦ
373 1072 406 1126 δὲ
433 1077 551 1126 κιττοῦ
577 1070 656 1126 ἀνοί-
709 1075 845 1125 exeunt.
891 1076 1107 1130 econtrario
1135 1076 1282 1131 hederae
1306 1094 1414 1147 angu-

94 1158 171 1209 νέου
200 1159 257 1228 ρέν
286 1153 383 1218 ὄντος
413 1157 655 1233 έρρωνιώτερα,
708 1158 1040 1214 losarctundantur.
1068 1163 1227 1231 populorum
1244 1164 1318 1218 loliis
1336 1180 1415 1233 gran·

67 1246 181 1316 ιτέρου
201 1245 234 1297 δὲ
252 1248 529 1318 τεριρερέοτερα.
709 1245 822 1299 dissime
839 1246 936 1314 lanugo
954 1247 1042 1302 evolat
1060 1249 1173 1302 candida
1191 1252 1217 1304 et
1234 1251 1343 1318 radiata,
1369 1251 1414 1305 filo

708 1333 890 1386 numerosiore
926 1335 1054 1388 candidae
1095 1336 1165 1389 liunt
1200 1336 1288 1390 villae.
1338 1338 1415 1392 Folia

68 1430 111 1467 res
128 1417 329 1484 amygdalarum
353 1424 380 1470 et
404 1424 572 1485 granatorum
596 1435 656 1473 esse
708 1419 825 1486 granatis
843 1423 870 1473 et
888 1421 1036 1489 amygdalis
1055 1422 1185 1476 rubentia.

67 1516 78 1554 a
96 1501 294 1569 Theophrastus
313 1504 380 1557 dicit
399 1505 421 1570 Ι,
441 1511 482 1572 13,
503 1511 532 1564 1:
560 1504 655 1579 „po'aoa

94 1591 172 1642 εἰπεῖν
203 1588 233 1643 τὸ
264 1596 311 1662 τῆς
346 1590 407 1664 ῥόας
444 1598 575 1667 φοινικοῦν
612 1596 656 1646 καὶ

70 1681 103 1729 ὧν
122 1697 199 1729 τινων
219 1673 389 1752 ὑπέρυθρον.“
424 1680 453 1731 in
472 1679 565 1733 eadem
584 1695 658 1746 para·

70 1762 138 1815 dicit
155 1762 234 1815 flores
257 1765 412 1833 amygdalae
430 1781 489 1819 esse
509 1764 657 1839 ρυλλώόεις.

72 1849 144 1902 loliis
169 1850 237 1918 ipsis
261 1850 327 1904 haec
353 1853 423 1919 apud
447 1851 658 1920 Theophrastum

67 1936 205 1989 eniuutur.
237 1937 347 1991 Plinius
367 1942 459 1992 utrum
478 1940 566 1993 locum
585 1956 659 1992 com-

68 2026 126 2075 tum
149 2024 216 2077 falso
240 2025 376 2077 intellexit
399 2042 432 2078 an
457 2026 566 2078 aliunde
593 2025 659 2078 haec

67 2111 89 2166 ·,‘?
124 2109 255 2176 Equidem
275 2112 378 2165 dubito.

67 2265 186 2330 Harum
210 2271 479 2351 paragraphorum
504 2272 605 2332 maior
627 2290 700 2352 pars
723 2269 808 2352 apud
824 2268 1074 2351 Theophrastum
1098 2288 1163 2332 non
1179 2275 1292 2352 exstat,
1315 2292 1413 2354 quam

67 2389 90 2432 n
114 2370 253 2435 dubitari
277 2376 385 2456 possit,
414 2379 522 2437 utrum
553 2394 635 2457 quae
665 2372 751 2456 apud
779 2380 953 2455 utrumque
982 2379 1170 2455 congruant,
1201 2374 1414 2458 Theophrasto

67 2473 220 2538 ebeantur
243 2497 283 2538 an
308 2480 415 2540 omnia
439 2497 483 2566 ex*
503 2478 613 2541 eodem
637 2483 765 2540 auctore
788 2481 917 2557 sumpta
947 2477 1019 2538 sint.
1077 2476 1238 2559 Equidem
1268 2481 1415 2562 suspicor

67 2597 116 2640 roe
150 2581 243 2642 modo
280 2600 313 2643 se
348 2583 479 2647 habere:
515 2582 631 2645 Plinus
664 2601 701 2644 ca
736 2599 818 2663 quae
852 2580 1046 2653 antecedunt
1075 2583 1109 2642 in
1140 2601 1261 2663 paragr.
1287 2582 1416 2648 78-84

67 2688 123 2745 tus
152 2691 200 2747 cst
230 2705 271 2748 ex
300 2685 506 2768 Theophrasti
537 2687 606 2748 libr.
632 2688 646 2749 l
671 2686 772 2768 capite
794 2685 823 2747 9.
877 2683 974 2747 Nunc
998 2685 1110 2748 transit
1133 2685 1172 2747 ad
1196 2690 1293 2768 eaput
1318 2688 1358 2750 10
1381 2694 1412 2751 ct

83 2790 222 2869 sumpsit
244 2791 347 2870 prima
370 2811 492 2872 paragr.
516 2791 557 2855 85
581 2791 685 2854 verba.
745 2787 826 2851 Cum
860 2794 967 2851 autem
1002 2789 1088 2871 apud
1123 2789 1220 2852 alium
1253 2790 1415 2872 quendam

67 2909 120 2952 em
142 2893 319 2956 invenisset
342 2896 532 2978 populorum
557 2914 626 2958 esse
648 2896 709 2957 tria
731 2911 847 2976 genera
870 2897 967 2974 atque
990 2912 1031 2956 ex
1054 2895 1104 2956 his
1127 2894 1265 2956 duorum
1289 2900 1414 2958 tantum

71 3014 91 3055 n
117 2997 247 3059 iuventa
277 2999 414 3061 rotunda
444 3019 523 3080 csse,
554 3002 588 3062 in
611 3004 774 3061 senectute
797 2998 832 3059 in
855 2997 991 3078 angulos
1015 2999 1113 3076 exire,
1144 2998 1231 3059 hunc
1255 3003 1416 3060 auctorem

67 3117 89 3160 rs
113 3107 160 3162 est
183 3121 287 3184 usque
310 3104 349 3167 ad
372 3103 469 3166 finem
493 3123 614 3186 paragr.
638 3102 688 3166 86,
747 3099 784 3162 ln
809 3101 859 3182 iis,
890 3119 972 3181 quae
995 3107 1159 3181 secuntur,
1182 3102 1246 3162 iarn
1269 3100 1352 3163 redit
1375 3101 1415 3163 ad

67 3203 163 3265 hrasti
184 3204 289 3267 locum
313 3206 487 3270 laudatum.

67 3375 82 3438 l,
110 3377 131 3430 l.
164 3371 263 3428 ''ldroa
292 3378 323 3431 δὲ
351 3381 407 3432 κοιὶ
433 3378 468 3432 τὺ
496 3384 534 3453 τῇ
563 3380 661 3449 ἐλαίᾳ
783 3376 853 3442 §ST
878 3372 1042 3426 Mirumin
1056 3372 1151 3438 primis
1169 3372 1203 3424 id
1222 3375 1309 3440 quod
1327 3374 1416 3428 ulmo

67 3463 75 3530 ᾖ
101 3460 223 3534 φιλύρᾳ
248 3466 303 3516 καὶ
327 3471 364 3538 τῇ
390 3467 516 3537 ττελέρ
540 3467 596 3518 καὶ
621 3470 660 3537 τῆ
713 3461 889 3529 tiliaeque
907 3463 940 3512 et
959 3459 1054 3513 oleae
1072 3462 1105 3512 et
1122 3459 1248 3526 populo
1271 3460 1366 3514 albae
1383 3463 1417 3514 et

95 3548 293 3618 ξυμβαῖνον·
327 3556 486 3626 οτρέρειν
517 3551 575 3625 γὰρ
607 3553 660 3605 do·
714 3548 791 3601 salici
827 3546 955 3600 evenit.
1005 3547 1293 3611 circumaguntur
1327 3547 1417 3599 enim

72 3630 232 3689 rddnrrn
256 3635 340 3707 μετὰ
363 3639 487 3711 τροπὰς
512 3636 660 3712 θερινάς·
713 3635 800 3688 lolia
834 3649 950 3686 earum
985 3636 1063 3701 post
1097 3632 1314 3700 solstitium,
1356 3648 1416 3685 nee

67 3718 142 3793 νότιρ
167 3725 401 3796 γνωρίζουσιν,
428 3720 478 3779 ὅτι
502 3728 660 3797 γερένην-
714 3721 783 3776 alio
801 3724 1004 3789 argumento
1029 3719 1162 3774 certius
1186 3718 1418 3787 intellegitur

71 3811 156 3862 οτοιί.
714 3808 813 3861 sidus
837 3809 1042 3863 conlectum.
1078 3806 1140 3859 Est
1163 3807 1191 3858 et
1215 3804 1324 3872 publica
1347 3821 1416 3859 cm-

87 3892 201 3949 Ηάντα
231 3897 264 3950 ’δὲ
294 3897 331 3950 τὰ
362 3897 470 3971 prilla
504 3901 661 3973 διαφέρει
713 3895 806 3948 nium
823 3895 989 3949 loliorum
1006 3895 1035 3946 iu
1053 3892 1122 3960 ipsis
1141 3892 1371 3945 differentia..

67 3979 92 4033 τὰ
112 3978 188 4036 ὕπτια
207 3987 251 4037 καὶ
269 3983 302 4037 τὰ
321 3991 421 4057 τρανῆ·
447 3988 503 4040 καὶ
521 3991 581 4038 τῶν
602 3988 659 4057 ρἐν
785 3985 863 4054 §88.
896 3997 1012 4049 namque
1030 3995 1107 4048 pars
1125 3978 1276 4031 inferior
1293 3995 1309 4032 a
1326 3981 1417 4032 terra

86 4067 124 4121 τὰ
144 4065 245 4123 ὕπτια
264 4069 661 4146 τοοιδέοτερακαὶλειό·
713 4069 860 4123 herbido
884 4069 978 4120 viret
1005 4066 1134 4132 colore,
1161 4064 1199 4118 ab
1226 4065 1343 4119 eadem
1366 4064 1416 4118 le-

68 4155 126 4216 τολς
145 4155 202 4229 γὰρ
220 4158 295 4217 ἶνας
314 4160 369 4212 καὶ
394 4157 452 4218 τὰς
478 4160 602 4232 φλέβας
627 4159 660 4210 έν
714 4156 813 4209 viora
829 4170 954 4208 nervos
973 4154 1170 4220 callumque
1193 4153 1227 4205 et
1244 4151 1417 4206 articulos

76 4247 210 4316 ρανέοιν
237 4247 388 4320 ἔχουσιν,
415 4241 520 4318 ὥσπερ
543 4242 563 4315 ἡ
587 4247 660 4319 χεὶρ
714 4243 749 4295 in
767 4238 1417 4311 superiorehabentparte,incisurae

67 4325 165 4404 ilipa]¹
193 4338 250 4393 τ”ς
279 4335 395 4393 ἐλαίας
421 4334 454 4386 δὲ
478 4329 662 4404 λευκότερα
714 4345 778 4383 vero
797 4331 897 4396 subter,
922 4331 960 4382 ut
983 4341 1103 4381 manus
1127 4325 1279 4378 humana.
1316 4323 1417 4378 Oleae

67 4439 142 4471 rroa
170 4421 258 4473 λεῖοι·
294 4416 418 4493 [ἦττον]
446 4421 518 4473 λεῖα
546 4420 580 4472 δὲ
607 4421 662 4471 καὶ
715 4431 865 4484 superne
886 4414 1093 4469 candidiora
1115 4414 1148 4465 ct
1171 4411 1284 4464 minus
1307 4410 1417 4478 levia,

67 4511 219 4560 iarrroi⁴
246 4503 662 4579 [Ιοίνταόὴῆτοὶγετλεῖοτοι
714 4503 798 4555 item
836 4502 989 4556 hederae.
1044 4499 1103 4553 sed
1139 4498 1289 4551 omniurn
1333 4497 1418 4551 lolia

71 4599 88 4664 ἠ
108 4595 180 4667 ἔχει
204 4592 243 4648 τὰ
268 4589 382 4658 ὕπτιοι,
408 4596 464 4648 καὶ
488 4598 594 4646 ταῦτα
616 4593 661 4663 pl·
715 4589 854 4644 cotidie
878 4589 916 4640 ad
942 4586 1049 4640 solem
1074 4586 1242 4651 oscitant,
1269 4584 1417 4637 inferio·

68 4678 208 4754 τῷήλίιρ
230 4679 366 4755 φανερά.
397 4685 441 4735 καὶ
466 4683 603 4754 στρέφεται
629 4677 662 4732 τὰ
714 4692 770 4731 res
797 4675 912 4744 partis
939 4673 1058 4741 tepefieri
1090 4671 1218 4725 volentia.
1257 4669 1419 4738 superior

67 4767 121 4840 τρὸς
140 4768 183 4822 τὸν
203 4765 284 4840 ἥλιον.
715 4779 793 4832 pars
830 4763 980 4816 omnium
1015 4759 1213 4826 lanuginem
1249 4756 1418 4825 quantulam·

1197 4881 1212 4919 s
