<?xml version="1.0" encoding="UTF-8"?>
<!DOCTYPE html PUBLIC "-//W3C//DTD XHTML 1.0 Transitional//EN"
    "http://www.w3.org/TR/xhtml1/DTD/xhtml1-transitional.dtd">
<html xmlns="http://www.w3.org/1999/xhtml" xml:lang="en" lang="en">
 <head>
  <title>
</title>
<meta http-equiv="Content-Type" content="text/html;charset=utf-8" />
  <meta name='ocr-system' content='tesseract 3.04.00' />
  <meta name='ocr-capabilities' content='ocr_page ocr_carea ocr_par ocr_line ocrx_word'/>
</head>
<body>
  <div class='ocr_page' id='page_1' title='image "./derationequaein00renjgoog_0055.png"; bbox 0 0 3188 5206; ppageno 0'>
   <div class='ocr_carea' id='block_1_1' title="bbox 815 146 858 211">
    <p class='ocr_par' dir='ltr' id='par_1_1' title="bbox 815 146 858 211">
     <span class='ocr_line' id='line_1_1' title="bbox 815 146 858 211; baseline -0.023 0"><span class='ocrx_word' id='word_1_1' title='bbox 815 146 858 211; x_wconf 80' lang='lat'>50</span> 
     </span>
    </p>
   </div>
   <div class='ocr_carea' id='block_1_2' title="bbox 100 352 1465 751">
    <p class='ocr_par' dir='ltr' id='par_1_2' title="bbox 100 352 1465 751">
     <span class='ocr_line' id='line_1_2' title="bbox 100 352 1465 437; baseline 0.002 -22"><span class='ocrx_word' id='word_1_2' title='bbox 100 358 244 433; x_wconf 87' lang='lat' dir='ltr'>scantur,</span> <span class='ocrx_word' id='word_1_3' title='bbox 266 361 303 417; x_wconf 88' lang='lat' dir='ltr'>ut</span> <span class='ocrx_word' id='word_1_4' title='bbox 324 354 419 437; x_wconf 89' lang='lat' dir='ltr'>plane</span> <span class='ocrx_word' id='word_1_5' title='bbox 439 352 567 418; x_wconf 89' lang='lat' dir='ltr'>arbores</span> <span class='ocrx_word' id='word_1_6' title='bbox 600 353 690 419; x_wconf 90' lang='lat' dir='ltr'>fiant.</span> <span class='ocrx_word' id='word_1_7' title='bbox 738 352 865 434; x_wconf 84' lang='lat' dir='ltr'>Myrtus</span> <span class='ocrx_word' id='word_1_8' title='bbox 888 360 997 419; x_wconf 89' lang='lat' dir='ltr'>contra</span> <span class='ocrx_word' id='word_1_9' title='bbox 1020 362 1052 419; x_wconf 92' lang='lat' dir='ltr'>et</span> <span class='ocrx_word' id='word_1_10' title='bbox 1073 375 1144 419; x_wconf 85' lang='lat' dir='ltr'>nux</span> <span class='ocrx_word' id='word_1_11' title='bbox 1168 353 1324 435; x_wconf 87' lang='lat' dir='ltr'>abellana,</span> <span class='ocrx_word' id='word_1_12' title='bbox 1358 357 1419 420; x_wconf 91' lang='lat' dir='ltr'>etsi</span> <span class='ocrx_word' id='word_1_13' title='bbox 1441 377 1465 419; x_wconf 82' lang='lat' dir='ltr'>a]</span> 
     </span>
     <span class='ocr_line' id='line_1_3' title="bbox 100 457 1465 541; baseline 0.001 -21"><span class='ocrx_word' id='word_1_14' title='bbox 100 463 187 539; x_wconf 90' lang='lat' dir='ltr'>sunt,</span> <span class='ocrx_word' id='word_1_15' title='bbox 209 458 271 520; x_wconf 92' lang='lat' dir='ltr'>nisi</span> <span class='ocrx_word' id='word_1_16' title='bbox 294 458 421 541; x_wconf 91' lang='lat' dir='ltr'>saepius</span> <span class='ocrx_word' id='word_1_17' title='bbox 437 464 626 541; x_wconf 89' lang='lat' dir='ltr'>purgantur,</span> <span class='ocrx_word' id='word_1_18' title='bbox 658 459 692 520; x_wconf 91' lang='lat' dir='ltr'>in</span> <span class='ocrx_word' id='word_1_19' title='bbox 709 458 880 522; x_wconf 85' lang='lat' dir='ltr'>fructicum</span> <span class='ocrx_word' id='word_1_20' title='bbox 896 476 1000 541; x_wconf 89' lang='lat' dir='ltr'>genus</span> <span class='ocrx_word' id='word_1_21' title='bbox 1016 460 1215 523; x_wconf 78' lang='lat' dir='ltr'>transeunt‘.</span> <span class='ocrx_word' id='word_1_22' title='bbox 1260 457 1355 522; x_wconf 86' lang='lat' dir='ltr'>Haec</span> <span class='ocrx_word' id='word_1_23' title='bbox 1371 459 1465 523; x_wconf 73' lang='lat' dir='ltr'>Plinii</span> 
     </span>
     <span class='ocr_line' id='line_1_4' title="bbox 101 561 1465 647; baseline 0.001 -23"><span class='ocrx_word' id='word_1_24' title='bbox 101 580 167 644; x_wconf 89' lang='lat' dir='ltr'>qua</span> <span class='ocrx_word' id='word_1_25' title='bbox 200 568 266 626; x_wconf 89' lang='lat' dir='ltr'>erat</span> <span class='ocrx_word' id='word_1_26' title='bbox 299 562 458 627; x_wconf 89' lang='lat' dir='ltr'>celeritate</span> <span class='ocrx_word' id='word_1_27' title='bbox 493 569 524 626; x_wconf 87' lang='lat' dir='ltr'>et</span> <span class='ocrx_word' id='word_1_28' title='bbox 558 561 759 646; x_wconf 82' lang='lat' dir='ltr'>neglegentia</span> <span class='ocrx_word' id='word_1_29' title='bbox 798 564 833 625; x_wconf 93' lang='lat' dir='ltr'>in</span> <span class='ocrx_word' id='word_1_30' title='bbox 867 562 1052 626; x_wconf 89' lang='lat' dir='ltr'>auctoribus</span> <span class='ocrx_word' id='word_1_31' title='bbox 1085 563 1318 647; x_wconf 81' lang='lat' dir='ltr'>excerpendis,</span> <span class='ocrx_word' id='word_1_32' title='bbox 1354 563 1465 627; x_wconf 74' lang='lat' dir='ltr'>conlui</span> 
     </span>
     <span class='ocr_line' id='line_1_5' title="bbox 100 665 1465 751; baseline 0.004 -25"><span class='ocrx_word' id='word_1_33' title='bbox 100 682 210 728; x_wconf 90' lang='lat' dir='ltr'>omues</span> <span class='ocrx_word' id='word_1_34' title='bbox 233 665 290 728; x_wconf 89' lang='lat' dir='ltr'>has</span> <span class='ocrx_word' id='word_1_35' title='bbox 312 666 440 730; x_wconf 85' lang='lat' dir='ltr'>arbores</span> <span class='ocrx_word' id='word_1_36' title='bbox 463 685 532 730; x_wconf 90' lang='lat' dir='ltr'>esse</span> <span class='ocrx_word' id='word_1_37' title='bbox 555 666 642 748; x_wconf 89' lang='lat' dir='ltr'>dicit,</span> <span class='ocrx_word' id='word_1_38' title='bbox 681 685 764 750; x_wconf 92' lang='lat' dir='ltr'>quae</span> <span class='ocrx_word' id='word_1_39' title='bbox 787 686 835 748; x_wconf 91' lang='lat' dir='ltr'>eo,</span> <span class='ocrx_word' id='word_1_40' title='bbox 868 667 955 750; x_wconf 93' lang='lat' dir='ltr'>quod</span> <span class='ocrx_word' id='word_1_41' title='bbox 984 668 1017 729; x_wconf 92' lang='lat' dir='ltr'>in</span> <span class='ocrx_word' id='word_1_42' title='bbox 1041 667 1145 749; x_wconf 90' lang='lat' dir='ltr'>pluris</span> <span class='ocrx_word' id='word_1_43' title='bbox 1167 685 1272 731; x_wconf 90' lang='lat' dir='ltr'>ramos</span> <span class='ocrx_word' id='word_1_44' title='bbox 1304 667 1465 751; x_wconf 84' lang='lat' dir='ltr'>dispersae</span> 
     </span>
    </p>
   </div>
   <div class='ocr_carea' id='block_1_3' title="bbox 99 767 1469 3536">
    <p class='ocr_par' dir='ltr' id='par_1_3' title="bbox 99 767 518 852">
     <span class='ocr_line' id='line_1_6' title="bbox 99 767 518 852; baseline 0.01 -22"><span class='ocrx_word' id='word_1_45' title='bbox 99 767 262 832; x_wconf 83' lang='lat' dir='ltr'>fructicosi</span> <span class='ocrx_word' id='word_1_46' title='bbox 283 771 410 852; x_wconf 89' lang='lat' dir='ltr'>generis</span> <span class='ocrx_word' id='word_1_47' title='bbox 432 769 518 834; x_wconf 87' lang='lat' dir='ltr'>fiant.</span> 
     </span>
    </p>

    <p class='ocr_par' dir='ltr' id='par_1_4' title="bbox 99 867 1466 1116">
     <span class='ocr_line' id='line_1_7' title="bbox 169 867 1440 944; baseline 0 -16"><span class='ocrx_word' id='word_1_48' title='bbox 169 870 191 937; x_wconf 79' lang='grc' dir='ltr'>Ι,</span> <span class='ocrx_word' id='word_1_49' title='bbox 211 875 237 937; x_wconf 83' lang='grc'>8,</span> <span class='ocrx_word' id='word_1_50' title='bbox 255 877 288 929; x_wconf 84' lang='grc'>3;</span> <span class='ocrx_word' id='word_1_51' title='bbox 305 867 398 928; x_wconf 83' lang='grc' dir='ltr'>Ἐστι</span> <span class='ocrx_word' id='word_1_52' title='bbox 416 874 450 928; x_wconf 76' lang='grc' dir='ltr'>δὲ</span> <span class='ocrx_word' id='word_1_53' title='bbox 467 872 505 927; x_wconf 75' lang='grc' dir='ltr'>τὰ</span> <span class='ocrx_word' id='word_1_54' title='bbox 524 875 581 944; x_wconf 81' lang='grc' dir='ltr'>μὲν</span> <span class='ocrx_word' id='word_1_55' title='bbox 600 873 707 937; x_wconf 58' lang='lat' dir='ltr'>biota,</span> <span class='ocrx_word' id='word_1_56' title='bbox 725 873 760 927; x_wconf 84' lang='grc' dir='ltr'>τὰ</span> <span class='ocrx_word' id='word_1_57' title='bbox 777 873 805 928; x_wconf 75' lang='grc' dir='ltr'>δὲ</span> <span class='ocrx_word' id='word_1_58' title='bbox 927 874 942 941; x_wconf 66' lang='grc' dir='ltr'><strong>ἐ</strong></span> <span class='ocrx_word' id='word_1_59' title='bbox 969 877 1028 930; x_wconf 80' lang='lat'>122.</span> <span class='ocrx_word' id='word_1_60' title='bbox 1081 873 1249 941; x_wconf 88' lang='lat' dir='ltr'>quaedam</span> <span class='ocrx_word' id='word_1_61' title='bbox 1276 873 1440 928; x_wconf 76' lang='lat' dir='ltr'>bifurcae</span> 
     </span>
     <span class='ocr_line' id='line_1_8' title="bbox 99 956 1466 1034; baseline 0.003 -23"><span class='ocrx_word' id='word_1_62' title='bbox 99 958 197 1031; x_wconf 75' lang='grc' dir='ltr'>τρίοζα,</span> <span class='ocrx_word' id='word_1_63' title='bbox 215 956 249 1012; x_wconf 83' lang='grc' dir='ltr'>τὰ</span> <span class='ocrx_word' id='word_1_64' title='bbox 271 960 299 1014; x_wconf 77' lang='grc' dir='ltr'>δὲ</span> <span class='ocrx_word' id='word_1_65' title='bbox 318 958 421 1020; x_wconf 79' lang='grc' dir='ltr'>πλείους</span> <span class='ocrx_word' id='word_1_66' title='bbox 440 960 549 1034; x_wconf 80' lang='grc' dir='ltr'>ἔχοντα·</span> <span class='ocrx_word' id='word_1_67' title='bbox 575 959 647 1013; x_wconf 85' lang='grc' dir='ltr'>ἔνια</span> <span class='ocrx_word' id='word_1_68' title='bbox 670 961 704 1014; x_wconf 80' lang='grc' dir='ltr'>δὲ</span> <span class='ocrx_word' id='word_1_69' title='bbox 728 980 806 1015; x_wconf 87' lang='grc' dir='ltr'>πεν-</span> <span class='ocrx_word' id='word_1_70' title='bbox 857 959 967 1013; x_wconf 80' lang='lat' dir='ltr'>etiam</span> <span class='ocrx_word' id='word_1_71' title='bbox 1003 960 1035 1012; x_wconf 90' lang='lat' dir='ltr'>in</span> <span class='ocrx_word' id='word_1_72' title='bbox 1072 960 1198 1028; x_wconf 85' lang='lat' dir='ltr'>quinas</span> <span class='ocrx_word' id='word_1_73' title='bbox 1239 961 1356 1028; x_wconf 85' lang='lat' dir='ltr'>partis</span> <span class='ocrx_word' id='word_1_74' title='bbox 1398 961 1466 1015; x_wconf 81' lang='lat' dir='ltr'>diti</span> 
     </span>
     <span class='ocr_line' id='line_1_9' title="bbox 99 1042 1442 1116; baseline 0.002 -18"><span class='ocrx_word' id='word_1_75' title='bbox 99 1042 206 1107; x_wconf 74' lang='grc' dir='ltr'>τάοζά</span> <span class='ocrx_word' id='word_1_76' title='bbox 224 1046 325 1100; x_wconf 83' lang='grc' dir='ltr'>ἐστιν.</span> <span class='ocrx_word' id='word_1_77' title='bbox 858 1046 988 1113; x_wconf 89' lang='lat' dir='ltr'>quaedam</span> <span class='ocrx_word' id='word_1_78' title='bbox 1014 1045 1143 1099; x_wconf 85' lang='lat' dir='ltr'>dividuae</span> <span class='ocrx_word' id='word_1_79' title='bbox 1171 1062 1221 1100; x_wconf 89' lang='lat' dir='ltr'>neo</span> <span class='ocrx_word' id='word_1_80' title='bbox 1248 1062 1381 1116; x_wconf 89' lang='lat' dir='ltr'>ramosae,</span> <span class='ocrx_word' id='word_1_81' title='bbox 1410 1054 1442 1101; x_wconf 92' lang='lat' dir='ltr'>nt</span> 
     </span>
    </p>

    <p class='ocr_par' dir='ltr' id='par_1_5' title="bbox 101 1127 1466 1468">
     <span class='ocr_line' id='line_1_10' title="bbox 172 1127 1436 1204; baseline 0.004 -20"><span class='ocrx_word' id='word_1_82' title='bbox 172 1131 238 1189; x_wconf 92' lang='lat' dir='ltr'>ibid.</span> <span class='ocrx_word' id='word_1_83' title='bbox 274 1130 347 1187; x_wconf 79' lang='lat' dir='ltr'>Elei</span> <span class='ocrx_word' id='word_1_84' title='bbox 372 1133 406 1188; x_wconf 74' lang='grc' dir='ltr'>δὲ</span> <span class='ocrx_word' id='word_1_85' title='bbox 429 1138 489 1186; x_wconf 78' lang='grc' dir='ltr'>τῶν</span> <span class='ocrx_word' id='word_1_86' title='bbox 512 1135 570 1204; x_wconf 80' lang='grc' dir='ltr'>μὲν</span> <span class='ocrx_word' id='word_1_87' title='bbox 590 1127 806 1188; x_wconf 85' lang='grc' dir='ltr'>ἄτακτοικαὶ</span> <span class='ocrx_word' id='word_1_88' title='bbox 858 1133 988 1201; x_wconf 88' lang='lat' dir='ltr'>quaedam</span> <span class='ocrx_word' id='word_1_89' title='bbox 1021 1132 1193 1199; x_wconf 79' lang='lat' dir='ltr'>individuae,</span> <span class='ocrx_word' id='word_1_90' title='bbox 1229 1149 1366 1202; x_wconf 80' lang='lat' dir='ltr'>ramosae,</span> <span class='ocrx_word' id='word_1_91' title='bbox 1403 1138 1436 1189; x_wconf 91' lang='lat' dir='ltr'>ut</span> 
     </span>
     <span class='ocr_line' id='line_1_11' title="bbox 102 1215 1458 1294; baseline 0.003 -22"><span class='ocrx_word' id='word_1_92' title='bbox 102 1216 138 1280; x_wconf 79' lang='grc' dir='ltr'>ὡς</span> <span class='ocrx_word' id='word_1_93' title='bbox 157 1220 276 1294; x_wconf 80' lang='grc' dir='ltr'>ἔτυχεν</span> <span class='ocrx_word' id='word_1_94' title='bbox 302 1220 331 1274; x_wconf 85' lang='lat' dir='ltr'>ol</span> <span class='ocrx_word' id='word_1_95' title='bbox 357 1215 442 1284; x_wconf 78' lang='grc' dir='ltr'>ὄζοι,</span> <span class='ocrx_word' id='word_1_96' title='bbox 467 1225 527 1274; x_wconf 83' lang='grc' dir='ltr'>τῶν</span> <span class='ocrx_word' id='word_1_97' title='bbox 547 1220 581 1274; x_wconf 74' lang='grc' dir='ltr'>δὲ</span> <span class='ocrx_word' id='word_1_98' title='bbox 598 1223 806 1291; x_wconf 80' lang='grc' dir='ltr'>τεταγμένοι</span> <span class='ocrx_word' id='word_1_99' title='bbox 858 1218 1367 1288; x_wconf 87' lang='lat' dir='ltr'>quibusdamramorumordo,</span> <span class='ocrx_word' id='word_1_100' title='bbox 1384 1222 1458 1276; x_wconf 86' lang='lat' dir='ltr'>siout</span> 
     </span>
     <span class='ocr_line' id='line_1_12' title="bbox 101 1303 1462 1380; baseline 0 -20"><span class='ocrx_word' id='word_1_101' title='bbox 101 1310 145 1361; x_wconf 84' lang='grc' dir='ltr'>καὶ</span> <span class='ocrx_word' id='word_1_102' title='bbox 172 1311 210 1377; x_wconf 79' lang='grc' dir='ltr'>τῷ</span> <span class='ocrx_word' id='word_1_103' title='bbox 235 1303 390 1378; x_wconf 73' lang='grc' dir='ltr'>διαστήματι</span> <span class='ocrx_word' id='word_1_104' title='bbox 416 1308 461 1362; x_wconf 87' lang='grc' dir='ltr'>καὶ</span> <span class='ocrx_word' id='word_1_105' title='bbox 487 1312 525 1378; x_wconf 77' lang='grc' dir='ltr'>τῷ</span> <span class='ocrx_word' id='word_1_106' title='bbox 548 1304 658 1378; x_wconf 71' lang='grc' dir='ltr'>πλήθει,</span> <span class='ocrx_word' id='word_1_107' title='bbox 685 1304 805 1380; x_wconf 79' lang='grc' dir='ltr'>καθάπερ</span> <span class='ocrx_word' id='word_1_108' title='bbox 857 1305 949 1372; x_wconf 87' lang='lat' dir='ltr'>abieti,</span> <span class='ocrx_word' id='word_1_109' title='bbox 967 1305 1056 1360; x_wconf 85' lang='lat' dir='ltr'>alias</span> <span class='ocrx_word' id='word_1_110' title='bbox 1075 1306 1297 1373; x_wconf 76' lang='lat' dir='ltr'>incondituS,</span> <span class='ocrx_word' id='word_1_111' title='bbox 1321 1310 1355 1361; x_wconf 80' lang='lat' dir='ltr'>ut</span> <span class='ocrx_word' id='word_1_112' title='bbox 1374 1309 1462 1362; x_wconf 85' lang='lat' dir='ltr'>robori</span> 
     </span>
     <span class='ocr_line' id='line_1_13' title="bbox 102 1390 1466 1468; baseline 0 -19"><span class='ocrx_word' id='word_1_113' title='bbox 102 1395 217 1468; x_wconf 77' lang='grc' dir='ltr'>εἴρηται·</span> <span class='ocrx_word' id='word_1_114' title='bbox 243 1392 282 1448; x_wconf 75' lang='grc' dir='ltr'>διὸ</span> <span class='ocrx_word' id='word_1_115' title='bbox 305 1396 351 1448; x_wconf 85' lang='grc' dir='ltr'>καὶ</span> <span class='ocrx_word' id='word_1_116' title='bbox 369 1390 560 1465; x_wconf 68' lang='grc' dir='ltr'>ἀξιολογώτατα</span> <span class='ocrx_word' id='word_1_117' title='bbox 582 1398 666 1447; x_wconf 80' lang='grc' dir='ltr'>ταῦτα</span> <span class='ocrx_word' id='word_1_118' title='bbox 688 1395 805 1448; x_wconf 76' lang='grc' dir='ltr'>καλοῦσι.</span> <span class='ocrx_word' id='word_1_119' title='bbox 858 1391 924 1460; x_wconf 88' lang='lat' dir='ltr'>piro.</span> <span class='ocrx_word' id='word_1_120' title='bbox 960 1395 994 1446; x_wconf 81' lang='lat' dir='ltr'>et</span> <span class='ocrx_word' id='word_1_121' title='bbox 1016 1393 1129 1447; x_wconf 79' lang='lat' dir='ltr'>abieti</span> <span class='ocrx_word' id='word_1_122' title='bbox 1154 1393 1295 1462; x_wconf 83' lang='lat' dir='ltr'>quidem</span> <span class='ocrx_word' id='word_1_123' title='bbox 1319 1395 1466 1450; x_wconf 89' lang='lat' dir='ltr'>subrecl</span> 
     </span>
    </p>

    <p class='ocr_par' dir='ltr' id='par_1_6' title="bbox 101 1475 1467 1721">
     <span class='ocr_line' id='line_1_14' title="bbox 170 1475 1467 1552; baseline 0.001 -17"><span class='ocrx_word' id='word_1_124' title='bbox 170 1483 226 1535; x_wconf 89' lang='grc' dir='ltr'>καὶ</span> <span class='ocrx_word' id='word_1_125' title='bbox 256 1485 315 1551; x_wconf 74' lang='grc' dir='ltr'>τῆς</span> <span class='ocrx_word' id='word_1_126' title='bbox 342 1483 398 1552; x_wconf 81' lang='grc' dir='ltr'>μὲν</span> <span class='ocrx_word' id='word_1_127' title='bbox 423 1476 548 1551; x_wconf 78' lang='grc' dir='ltr'>ἐλάτης</span> <span class='ocrx_word' id='word_1_128' title='bbox 573 1475 671 1552; x_wconf 72' lang='grc' dir='ltr'>ὀρθοὶ</span> <span class='ocrx_word' id='word_1_129' title='bbox 694 1482 750 1534; x_wconf 81' lang='grc' dir='ltr'>καὶ</span> <span class='ocrx_word' id='word_1_130' title='bbox 776 1480 806 1535; x_wconf 85' lang='lat' dir='ltr'>ol</span> <span class='ocrx_word' id='word_1_131' title='bbox 858 1478 1467 1549; x_wconf 83' lang='lat' dir='ltr'>visuraramiqueinoaelumtende</span> 
     </span>
     <span class='ocr_line' id='line_1_15' title="bbox 101 1561 1159 1639; baseline -0.004 -17"><span class='ocrx_word' id='word_1_132' title='bbox 101 1564 156 1631; x_wconf 75' lang='grc' dir='ltr'>ὅζοι</span> <span class='ocrx_word' id='word_1_133' title='bbox 181 1570 225 1622; x_wconf 83' lang='grc' dir='ltr'>καὶ</span> <span class='ocrx_word' id='word_1_134' title='bbox 244 1564 419 1629; x_wconf 69' lang='lat' dir='ltr'>cialibus,</span> <span class='ocrx_word' id='word_1_135' title='bbox 443 1561 528 1639; x_wconf 78' lang='grc' dir='ltr'>ὥσπερ</span> <span class='ocrx_word' id='word_1_136' title='bbox 547 1564 732 1638; x_wconf 57' lang='lat' dir='ltr'>&amp;placamina</span> <span class='ocrx_word' id='word_1_137' title='bbox 755 1571 805 1621; x_wconf 83' lang='grc' dir='ltr'>τῶν</span> <span class='ocrx_word' id='word_1_138' title='bbox 856 1581 911 1619; x_wconf 88' lang='lat' dir='ltr'>non</span> <span class='ocrx_word' id='word_1_139' title='bbox 928 1565 957 1619; x_wconf 88' lang='lat' dir='ltr'>in</span> <span class='ocrx_word' id='word_1_140' title='bbox 975 1565 1056 1620; x_wconf 84' lang='lat' dir='ltr'>latera</span> <span class='ocrx_word' id='word_1_141' title='bbox 1074 1567 1159 1635; x_wconf 88' lang='lat' dir='ltr'>proni.</span> 
     </span>
     <span class='ocr_line' id='line_1_16' title="bbox 103 1648 1467 1721; baseline 0.001 -13"><span class='ocrx_word' id='word_1_142' title='bbox 103 1648 282 1709; x_wconf 74' lang='grc' dir='ltr'>οὲάλλωνοά.</span> <span class='ocrx_word' id='word_1_143' title='bbox 930 1654 1026 1720; x_wconf 65' lang='grc' dir='ltr'><strong>ἐ123.</strong></span> <span class='ocrx_word' id='word_1_144' title='bbox 1059 1653 1167 1721; x_wconf 91' lang='lat' dir='ltr'>mirum,</span> <span class='ocrx_word' id='word_1_145' title='bbox 1186 1653 1467 1708; x_wconf 67' lang='lat' dir='ltr'>cacuminibus(</span> 
     </span>
    </p>

    <p class='ocr_par' dir='ltr' id='par_1_7' title="bbox 101 1735 1467 2246">
     <span class='ocr_line' id='line_1_17' title="bbox 170 1735 1467 1814; baseline 0.002 -22"><span class='ocrx_word' id='word_1_146' title='bbox 170 1737 220 1806; x_wconf 85' lang='grc' dir='ltr'>ΙΙΙ,</span> <span class='ocrx_word' id='word_1_147' title='bbox 239 1743 264 1802; x_wconf 84' lang='grc'>7,</span> <span class='ocrx_word' id='word_1_148' title='bbox 284 1743 307 1796; x_wconf 93' lang='lat'>1.</span> <span class='ocrx_word' id='word_1_149' title='bbox 351 1735 539 1799; x_wconf 79' lang='grc' dir='ltr'>Ἀποκοπέντος</span> <span class='ocrx_word' id='word_1_150' title='bbox 556 1741 584 1797; x_wconf 76' lang='grc' dir='ltr'>δὲ</span> <span class='ocrx_word' id='word_1_151' title='bbox 602 1743 649 1792; x_wconf 73' lang='grc' dir='ltr'>τοῦ</span> <span class='ocrx_word' id='word_1_152' title='bbox 668 1740 806 1814; x_wconf 78' lang='grc' dir='ltr'>στελέχους</span> <span class='ocrx_word' id='word_1_153' title='bbox 858 1739 994 1792; x_wconf 85' lang='lat' dir='ltr'>decisis</span> <span class='ocrx_word' id='word_1_154' title='bbox 1021 1741 1184 1806; x_wconf 84' lang='lat' dir='ltr'>moritur,</span> <span class='ocrx_word' id='word_1_155' title='bbox 1212 1740 1277 1794; x_wconf 82' lang='lat' dir='ltr'>totis</span> <span class='ocrx_word' id='word_1_156' title='bbox 1305 1757 1372 1795; x_wconf 88' lang='lat' dir='ltr'>vero</span> <span class='ocrx_word' id='word_1_157' title='bbox 1402 1742 1467 1795; x_wconf 81' lang='lat' dir='ltr'>detr</span> 
     </span>
     <span class='ocr_line' id='line_1_18' title="bbox 101 1821 1456 1899; baseline 0.001 -18"><span class='ocrx_word' id='word_1_158' title='bbox 101 1826 135 1881; x_wconf 78' lang='grc' dir='ltr'>τά</span> <span class='ocrx_word' id='word_1_159' title='bbox 163 1830 208 1899; x_wconf 80' lang='grc' dir='ltr'>μὲν</span> <span class='ocrx_word' id='word_1_160' title='bbox 237 1821 303 1881; x_wconf 79' lang='grc' dir='ltr'>ἄλλα</span> <span class='ocrx_word' id='word_1_161' title='bbox 330 1821 455 1885; x_wconf 68' lang='grc' dir='ltr'>πάνθ’άις</span> <span class='ocrx_word' id='word_1_162' title='bbox 483 1826 562 1878; x_wconf 80' lang='grc' dir='ltr'>εἰπεῖν</span> <span class='ocrx_word' id='word_1_163' title='bbox 589 1825 805 1898; x_wconf 78' lang='grc' dir='ltr'>παραβλαστάνει,</span> <span class='ocrx_word' id='word_1_164' title='bbox 858 1825 945 1879; x_wconf 85' lang='lat' dir='ltr'>durat.</span> <span class='ocrx_word' id='word_1_165' title='bbox 982 1830 1009 1879; x_wconf 92' lang='lat' dir='ltr'>et</span> <span class='ocrx_word' id='word_1_166' title='bbox 1027 1826 1058 1879; x_wconf 86' lang='lat' dir='ltr'>si</span> <span class='ocrx_word' id='word_1_167' title='bbox 1076 1827 1169 1880; x_wconf 83' lang='lat' dir='ltr'>infra</span> <span class='ocrx_word' id='word_1_168' title='bbox 1187 1842 1266 1895; x_wconf 87' lang='lat' dir='ltr'>quam</span> <span class='ocrx_word' id='word_1_169' title='bbox 1292 1828 1361 1880; x_wconf 86' lang='lat' dir='ltr'>rami</span> <span class='ocrx_word' id='word_1_170' title='bbox 1381 1828 1456 1882; x_wconf 83' lang='lat' dir='ltr'>fuere</span> 
     </span>
     <span class='ocr_line' id='line_1_19' title="bbox 102 1909 1461 1987; baseline 0.001 -18"><span class='ocrx_word' id='word_1_171' title='bbox 102 1913 170 1987; x_wconf 78' lang='grc' dir='ltr'>πλὴν</span> <span class='ocrx_word' id='word_1_172' title='bbox 196 1912 293 1968; x_wconf 65' lang='lat' dir='ltr'>idaci</span> <span class='ocrx_word' id='word_1_173' title='bbox 318 1914 385 1986; x_wconf 71' lang='grc' dir='ltr'>ῥίζαι</span> <span class='ocrx_word' id='word_1_174' title='bbox 408 1909 533 1985; x_wconf 84' lang='grc' dir='ltr'>πρότερον</span> <span class='ocrx_word' id='word_1_175' title='bbox 562 1909 662 1987; x_wconf 66' lang='grc' dir='ltr'>τύχωσι</span> <span class='ocrx_word' id='word_1_176' title='bbox 692 1933 806 1986; x_wconf 82' lang='grc' dir='ltr'>πεπονη-</span> <span class='ocrx_word' id='word_1_177' title='bbox 857 1911 1012 1980; x_wconf 77' lang='lat' dir='ltr'>cidatur,</span> <span class='ocrx_word' id='word_1_178' title='bbox 1031 1912 1121 1980; x_wconf 85' lang='lat' dir='ltr'>qued</span> <span class='ocrx_word' id='word_1_179' title='bbox 1139 1915 1461 1982; x_wconf 80' lang='lat' dir='ltr'>superestvivit,e</span> 
     </span>
     <span class='ocr_line' id='line_1_20' title="bbox 102 1995 1449 2073; baseline -0.001 -17"><span class='ocrx_word' id='word_1_180' title='bbox 102 2007 185 2056; x_wconf 75' lang='grc' dir='ltr'>κῧιαι·</span> <span class='ocrx_word' id='word_1_181' title='bbox 212 1998 297 2072; x_wconf 66' lang='lat' dir='ltr'>sciar,</span> <span class='ocrx_word' id='word_1_182' title='bbox 326 2001 353 2055; x_wconf 72' lang='lat' dir='ltr'>ei</span> <span class='ocrx_word' id='word_1_183' title='bbox 380 2000 425 2053; x_wconf 88' lang='grc' dir='ltr'>καὶ</span> <span class='ocrx_word' id='word_1_184' title='bbox 451 1995 532 2071; x_wconf 81' lang='grc' dir='ltr'>ἐλάτη</span> <span class='ocrx_word' id='word_1_185' title='bbox 555 2000 652 2060; x_wconf 80' lang='grc' dir='ltr'><strong>τελέως</strong></span> <span class='ocrx_word' id='word_1_186' title='bbox 677 2001 707 2054; x_wconf 82' lang='grc' dir='ltr'>ἐκ</span> <span class='ocrx_word' id='word_1_187' title='bbox 732 2002 806 2073; x_wconf 70' lang='grc' dir='ltr'>ῥιζῶν</span> <span class='ocrx_word' id='word_1_188' title='bbox 857 2015 1020 2053; x_wconf 79' lang='lat' dir='ltr'>cacumen</span> <span class='ocrx_word' id='word_1_189' title='bbox 1064 2003 1201 2055; x_wconf 81' lang='lat' dir='ltr'>tantum</span> <span class='ocrx_word' id='word_1_190' title='bbox 1244 2002 1449 2070; x_wconf 74' lang='lat' dir='ltr'>auferatur,</span> 
     </span>
     <span class='ocr_line' id='line_1_21' title="bbox 103 2082 1467 2160; baseline -0.001 -18"><span class='ocrx_word' id='word_1_191' title='bbox 103 2085 233 2147; x_wconf 79' lang='grc' dir='ltr'>αάτοετεῖς</span> <span class='ocrx_word' id='word_1_192' title='bbox 252 2083 464 2149; x_wconf 70' lang='grc' dir='ltr'>αὖαίνονται,</span> <span class='ocrx_word' id='word_1_193' title='bbox 492 2087 536 2139; x_wconf 85' lang='grc' dir='ltr'>καὶ</span> <span class='ocrx_word' id='word_1_194' title='bbox 560 2085 616 2140; x_wconf 80' lang='grc' dir='ltr'>ἐὰν</span> <span class='ocrx_word' id='word_1_195' title='bbox 641 2085 677 2140; x_wconf 87' lang='grc' dir='ltr'>τὸ</span> <span class='ocrx_word' id='word_1_196' title='bbox 703 2082 805 2160; x_wconf 86' lang='grc' dir='ltr'>άκρον</span> <span class='ocrx_word' id='word_1_197' title='bbox 857 2085 1014 2139; x_wconf 83' lang='lat' dir='ltr'>moritur.</span> <span class='ocrx_word' id='word_1_198' title='bbox 1067 2087 1119 2140; x_wconf 85' lang='lat' dir='ltr'>alia</span> <span class='ocrx_word' id='word_1_199' title='bbox 1149 2087 1182 2141; x_wconf 90' lang='lat' dir='ltr'>ab</span> <span class='ocrx_word' id='word_1_200' title='bbox 1214 2087 1304 2142; x_wconf 84' lang='lat' dir='ltr'>radice</span> <span class='ocrx_word' id='word_1_201' title='bbox 1333 2088 1467 2143; x_wconf 83' lang='lat' dir='ltr'>bracchial</span> 
     </span>
     <span class='ocr_line' id='line_1_22' title="bbox 102 2172 1450 2246; baseline -0.001 -17"><span class='ocrx_word' id='word_1_202' title='bbox 102 2177 260 2246; x_wconf 70' lang='grc' dir='ltr'>ἐπικοπῇ.</span> <span class='ocrx_word' id='word_1_203' title='bbox 857 2172 957 2238; x_wconf 91' lang='lat' dir='ltr'>ulmus,</span> <span class='ocrx_word' id='word_1_204' title='bbox 984 2172 1037 2226; x_wconf 88' lang='lat' dir='ltr'>alia</span> <span class='ocrx_word' id='word_1_205' title='bbox 1060 2173 1089 2224; x_wconf 92' lang='lat' dir='ltr'>in</span> <span class='ocrx_word' id='word_1_206' title='bbox 1113 2176 1251 2227; x_wconf 89' lang='lat' dir='ltr'>cacumine</span> <span class='ocrx_word' id='word_1_207' title='bbox 1275 2190 1390 2243; x_wconf 87' lang='lat' dir='ltr'>ramosa,</span> <span class='ocrx_word' id='word_1_208' title='bbox 1419 2179 1450 2228; x_wconf 92' lang='lat' dir='ltr'>ut</span> 
     </span>
    </p>

    <p class='ocr_par' dir='ltr' id='par_1_8' title="bbox 102 2255 1468 2858">
     <span class='ocr_line' id='line_1_23' title="bbox 172 2255 1468 2332; baseline -0.005 -14"><span class='ocrx_word' id='word_1_209' title='bbox 172 2265 197 2318; x_wconf 79' lang='grc'>2.</span> <span class='ocrx_word' id='word_1_210' title='bbox 239 2259 377 2331; x_wconf 61' lang='lat' dir='ltr'>{apparea</span> <span class='ocrx_word' id='word_1_211' title='bbox 405 2261 433 2314; x_wconf 77' lang='grc' dir='ltr'>δὲ</span> <span class='ocrx_word' id='word_1_212' title='bbox 460 2255 565 2314; x_wconf 76' lang='grc' dir='ltr'>κάκεῖνο</span> <span class='ocrx_word' id='word_1_213' title='bbox 592 2260 655 2313; x_wconf 76' lang='grc' dir='ltr'>ἴδιον</span> <span class='ocrx_word' id='word_1_214' title='bbox 684 2262 710 2313; x_wconf 83' lang='grc' dir='ltr'>ἐν</span> <span class='ocrx_word' id='word_1_215' title='bbox 739 2256 809 2332; x_wconf 68' lang='grc' dir='ltr'>αὐτῷ</span> <span class='ocrx_word' id='word_1_216' title='bbox 857 2258 916 2312; x_wconf 82' lang='lat' dir='ltr'>laba</span> <span class='ocrx_word' id='word_1_217' title='bbox 925 2258 1032 2327; x_wconf 86' lang='lat' dir='ltr'>Graeca,</span> <span class='ocrx_word' id='word_1_218' title='bbox 1044 2275 1124 2328; x_wconf 90' lang='lat' dir='ltr'>quam</span> <span class='ocrx_word' id='word_1_219' title='bbox 1135 2259 1259 2314; x_wconf 88' lang='lat' dir='ltr'>Romaea</span> <span class='ocrx_word' id='word_1_220' title='bbox 1274 2261 1410 2315; x_wconf 84' lang='lat' dir='ltr'>suavitate</span> <span class='ocrx_word' id='word_1_221' title='bbox 1420 2263 1468 2316; x_wconf 69' lang='lat' dir='ltr'>frui</span> 
     </span>
     <span class='ocr_line' id='line_1_24' title="bbox 102 2341 1450 2422; baseline 0.001 -20"><span class='ocrx_word' id='word_1_222' title='bbox 102 2346 188 2420; x_wconf 68' lang='grc' dir='ltr'>τούτῳ</span> <span class='ocrx_word' id='word_1_223' title='bbox 212 2349 271 2420; x_wconf 82' lang='grc' dir='ltr'>περὶ</span> <span class='ocrx_word' id='word_1_224' title='bbox 293 2344 341 2418; x_wconf 85' lang='grc' dir='ltr'>τὴν</span> <span class='ocrx_word' id='word_1_225' title='bbox 360 2345 469 2419; x_wconf 78' lang='grc' dir='ltr'>ἐλάτην·</span> <span class='ocrx_word' id='word_1_226' title='bbox 499 2341 577 2401; x_wconf 78' lang='grc' dir='ltr'>ὅταν</span> <span class='ocrx_word' id='word_1_227' title='bbox 601 2350 659 2419; x_wconf 81' lang='grc' dir='ltr'>μὲν</span> <span class='ocrx_word' id='word_1_228' title='bbox 683 2345 744 2422; x_wconf 71' lang='grc' dir='ltr'>γάρ</span> <span class='ocrx_word' id='word_1_229' title='bbox 768 2368 807 2408; x_wconf 79' lang='grc' dir='ltr'>τις</span> <span class='ocrx_word' id='word_1_230' title='bbox 858 2344 996 2399; x_wconf 78' lang='lat' dir='ltr'>silvestris</span> <span class='ocrx_word' id='word_1_231' title='bbox 1037 2345 1161 2413; x_wconf 90' lang='lat' dir='ltr'>quidem,</span> <span class='ocrx_word' id='word_1_232' title='bbox 1204 2347 1251 2400; x_wconf 86' lang='lat' dir='ltr'>sed</span> <span class='ocrx_word' id='word_1_233' title='bbox 1293 2364 1450 2403; x_wconf 83' lang='lat' dir='ltr'>cerasorum</span> 
     </span>
     <span class='ocr_line' id='line_1_25' title="bbox 102 2429 1254 2508; baseline -0.005 -18"><span class='ocrx_word' id='word_1_234' title='bbox 102 2434 163 2496; x_wconf 77' lang='grc' dir='ltr'>τοὺς</span> <span class='ocrx_word' id='word_1_235' title='bbox 197 2429 269 2497; x_wconf 52' lang='lat' dir='ltr'>dione</span> <span class='ocrx_word' id='word_1_236' title='bbox 303 2429 420 2494; x_wconf 79' lang='grc' dir='ltr'>ἅπαντας</span> <span class='ocrx_word' id='word_1_237' title='bbox 453 2430 555 2508; x_wconf 61' lang='lat' dir='ltr'>&amp;palma</span> <span class='ocrx_word' id='word_1_238' title='bbox 588 2430 743 2508; x_wconf 75' lang='grc' dir='ltr'>ἀποκόψῃ</span> <span class='ocrx_word' id='word_1_239' title='bbox 770 2433 806 2488; x_wconf 87' lang='grc' dir='ltr'>τὸ</span> <span class='ocrx_word' id='word_1_240' title='bbox 858 2436 951 2486; x_wconf 83' lang='lat' dir='ltr'>natura</span> <span class='ocrx_word' id='word_1_241' title='bbox 970 2463 1003 2471; x_wconf 96' lang='lat'>-</span> <span class='ocrx_word' id='word_1_242' title='bbox 1020 2432 1095 2486; x_wconf 81' lang='lat' dir='ltr'>loton</span> <span class='ocrx_word' id='word_1_243' title='bbox 1113 2433 1254 2501; x_wconf 84' lang='lat' dir='ltr'>appellant.</span> 
     </span>
     <span class='ocr_line' id='line_1_26' title="bbox 104 2517 1466 2596; baseline -0.001 -18"><span class='ocrx_word' id='word_1_244' title='bbox 104 2519 221 2596; x_wconf 82' lang='grc' dir='ltr'>ἄκρον,</span> <span class='ocrx_word' id='word_1_245' title='bbox 250 2517 461 2594; x_wconf 67' lang='grc' dir='ltr'>ἀποθνῄσκει</span> <span class='ocrx_word' id='word_1_246' title='bbox 488 2524 634 2596; x_wconf 79' lang='grc' dir='ltr'>ταχέως·</span> <span class='ocrx_word' id='word_1_247' title='bbox 665 2518 744 2577; x_wconf 79' lang='grc' dir='ltr'>ὅταν</span> <span class='ocrx_word' id='word_1_248' title='bbox 773 2523 806 2577; x_wconf 75' lang='grc' dir='ltr'>δὲ</span> <span class='ocrx_word' id='word_1_249' title='bbox 931 2521 946 2589; x_wconf 63' lang='grc' dir='ltr'><strong>ἕ</strong></span> <span class='ocrx_word' id='word_1_250' title='bbox 978 2523 1037 2577; x_wconf 84' lang='grc'><strong>124.</strong></span> <span class='ocrx_word' id='word_1_251' title='bbox 1090 2519 1233 2587; x_wconf 81' lang='lat' dir='ltr'>praecipue</span> <span class='ocrx_word' id='word_1_252' title='bbox 1269 2521 1397 2576; x_wconf 85' lang='lat' dir='ltr'>domibus</span> <span class='ocrx_word' id='word_1_253' title='bbox 1433 2540 1466 2577; x_wconf 84' lang='lat' dir='ltr'>ex</span> 
     </span>
     <span class='ocr_line' id='line_1_27' title="bbox 102 2605 1468 2683; baseline -0.001 -19"><span class='ocrx_word' id='word_1_254' title='bbox 102 2609 142 2664; x_wconf 82' lang='grc' dir='ltr'>τὰ</span> <span class='ocrx_word' id='word_1_255' title='bbox 160 2612 358 2682; x_wconf 81' lang='grc' dir='ltr'>κατωτέρω,</span> <span class='ocrx_word' id='word_1_256' title='bbox 386 2608 419 2663; x_wconf 78' lang='grc' dir='ltr'>τὰ</span> <span class='ocrx_word' id='word_1_257' title='bbox 441 2606 509 2662; x_wconf 87' lang='grc' dir='ltr'>κατὰ</span> <span class='ocrx_word' id='word_1_258' title='bbox 534 2607 563 2662; x_wconf 90' lang='grc' dir='ltr'>τὸ</span> <span class='ocrx_word' id='word_1_259' title='bbox 582 2609 658 2672; x_wconf 86' lang='grc' dir='ltr'>λεῖον,</span> <span class='ocrx_word' id='word_1_260' title='bbox 684 2605 805 2683; x_wconf 75' lang='grc' dir='ltr'>ἀφέλῃ,</span> <span class='ocrx_word' id='word_1_261' title='bbox 857 2622 989 2661; x_wconf 89' lang='lat' dir='ltr'>ramorum</span> <span class='ocrx_word' id='word_1_262' title='bbox 1017 2607 1165 2674; x_wconf 86' lang='lat' dir='ltr'>petulantia</span> <span class='ocrx_word' id='word_1_263' title='bbox 1192 2607 1266 2660; x_wconf 90' lang='lat' dir='ltr'>brevi</span> <span class='ocrx_word' id='word_1_264' title='bbox 1292 2609 1407 2663; x_wconf 81' lang='lat' dir='ltr'>caudice</span> <span class='ocrx_word' id='word_1_265' title='bbox 1434 2610 1468 2663; x_wconf 90' lang='lat' dir='ltr'>lat</span> 
     </span>
     <span class='ocr_line' id='line_1_28' title="bbox 104 2691 1445 2769; baseline 0.001 -20"><span class='ocrx_word' id='word_1_266' title='bbox 104 2701 139 2769; x_wconf 70' lang='grc' dir='ltr'>ζῇ</span> <span class='ocrx_word' id='word_1_267' title='bbox 165 2696 201 2749; x_wconf 85' lang='grc' dir='ltr'>τὸ</span> <span class='ocrx_word' id='word_1_268' title='bbox 226 2694 452 2760; x_wconf 85' lang='grc' dir='ltr'>κατάλοιπον,</span> <span class='ocrx_word' id='word_1_269' title='bbox 478 2698 536 2768; x_wconf 78' lang='grc' dir='ltr'>περὶ</span> <span class='ocrx_word' id='word_1_270' title='bbox 560 2691 574 2748; x_wconf 81' lang='lat' dir='ltr'>b</span> <span class='ocrx_word' id='word_1_271' title='bbox 597 2694 628 2766; x_wconf 79' lang='grc' dir='ltr'>δὴ</span> <span class='ocrx_word' id='word_1_272' title='bbox 653 2698 698 2749; x_wconf 87' lang='grc' dir='ltr'>καὶ</span> <span class='ocrx_word' id='word_1_273' title='bbox 721 2692 738 2766; x_wconf 82' lang='grc' dir='ltr'><strong>ἠ</strong></span> <span class='ocrx_word' id='word_1_274' title='bbox 759 2692 806 2767; x_wconf 70' lang='grc' dir='ltr'>ἂρ.</span> <span class='ocrx_word' id='word_1_275' title='bbox 858 2694 1069 2760; x_wconf 84' lang='lat' dir='ltr'>exspatiantium</span> <span class='ocrx_word' id='word_1_276' title='bbox 1096 2694 1191 2748; x_wconf 91' lang='lat' dir='ltr'>umbra</span> <span class='ocrx_word' id='word_1_277' title='bbox 1219 2695 1247 2747; x_wconf 85' lang='lat' dir='ltr'>et</span> <span class='ocrx_word' id='word_1_278' title='bbox 1277 2694 1305 2747; x_wconf 92' lang='lat' dir='ltr'>in</span> <span class='ocrx_word' id='word_1_279' title='bbox 1336 2697 1445 2751; x_wconf 87' lang='lat' dir='ltr'>vicinas</span> 
     </span>
     <span class='ocr_line' id='line_1_29' title="bbox 104 2780 1468 2858; baseline 0 -21"><span class='ocrx_word' id='word_1_280' title='bbox 104 2783 194 2858; x_wconf 76' lang='grc' dir='ltr'>φανξις</span> <span class='ocrx_word' id='word_1_281' title='bbox 213 2780 313 2855; x_wconf 71' lang='grc' dir='ltr'>φάτται.</span> <span class='ocrx_word' id='word_1_282' title='bbox 858 2794 936 2847; x_wconf 89' lang='lat' dir='ltr'>saepe</span> <span class='ocrx_word' id='word_1_283' title='bbox 954 2781 1174 2834; x_wconf 83' lang='lat' dir='ltr'>transilientium.</span> <span class='ocrx_word' id='word_1_284' title='bbox 1211 2780 1286 2834; x_wconf 90' lang='lat' dir='ltr'>nulla</span> <span class='ocrx_word' id='word_1_285' title='bbox 1308 2783 1428 2850; x_wconf 84' lang='lat' dir='ltr'>opacitas</span> <span class='ocrx_word' id='word_1_286' title='bbox 1452 2784 1468 2836; x_wconf 97' lang='lat' dir='ltr'>b</span> 
     </span>
    </p>

    <p class='ocr_par' dir='ltr' id='par_1_9' title="bbox 857 2866 1469 3194">
     <span class='ocr_line' id='line_1_30' title="bbox 857 2866 1461 2925; baseline 0.012 -7"><span class='ocrx_word' id='word_1_287' title='bbox 857 2881 906 2919; x_wconf 89' lang='lat' dir='ltr'>neo</span> <span class='ocrx_word' id='word_1_288' title='bbox 934 2866 1021 2920; x_wconf 84' lang='lat' dir='ltr'>aufert</span> <span class='ocrx_word' id='word_1_289' title='bbox 1044 2866 1128 2920; x_wconf 88' lang='lat' dir='ltr'>solem</span> <span class='ocrx_word' id='word_1_290' title='bbox 1155 2867 1243 2919; x_wconf 90' lang='lat' dir='ltr'>hieme</span> <span class='ocrx_word' id='word_1_291' title='bbox 1270 2868 1461 2925; x_wconf 84' lang='lat' dir='ltr'>decidentibus</span> 
     </span>
     <span class='ocr_line' id='line_1_31' title="bbox 858 2951 1469 3010; baseline 0.01 -6"><span class='ocrx_word' id='word_1_292' title='bbox 858 2951 940 3007; x_wconf 89' lang='lat' dir='ltr'>nullis</span> <span class='ocrx_word' id='word_1_293' title='bbox 966 2958 1057 3007; x_wconf 85' lang='lat' dir='ltr'>cortex</span> <span class='ocrx_word' id='word_1_294' title='bbox 1082 2954 1227 3008; x_wconf 89' lang='lat' dir='ltr'>iucundior</span> <span class='ocrx_word' id='word_1_295' title='bbox 1251 2961 1298 3007; x_wconf 91' lang='lat' dir='ltr'>ant</span> <span class='ocrx_word' id='word_1_296' title='bbox 1316 2955 1410 3010; x_wconf 89' lang='lat' dir='ltr'>oculos</span> <span class='ocrx_word' id='word_1_297' title='bbox 1428 2974 1469 3010; x_wconf 73' lang='lat' dir='ltr'>ex(</span> 
     </span>
     <span class='ocr_line' id='line_1_32' title="bbox 858 3038 1469 3108; baseline 0.007 -16"><span class='ocrx_word' id='word_1_298' title='bbox 858 3038 991 3106; x_wconf 89' lang='lat' dir='ltr'>blandius,</span> <span class='ocrx_word' id='word_1_299' title='bbox 1014 3040 1098 3094; x_wconf 89' lang='lat' dir='ltr'>nullis</span> <span class='ocrx_word' id='word_1_300' title='bbox 1120 3042 1187 3094; x_wconf 89' lang='lat' dir='ltr'>rami</span> <span class='ocrx_word' id='word_1_301' title='bbox 1209 3041 1341 3108; x_wconf 83' lang='lat' dir='ltr'>longiores</span> <span class='ocrx_word' id='word_1_302' title='bbox 1360 3043 1469 3099; x_wconf 82' lang='lat' dir='ltr'>validior</span> 
     </span>
     <span class='ocr_line' id='line_1_33' title="bbox 858 3126 1460 3194; baseline 0.007 -14"><span class='ocrx_word' id='word_1_303' title='bbox 858 3129 905 3180; x_wconf 88' lang='lat' dir='ltr'>aut</span> <span class='ocrx_word' id='word_1_304' title='bbox 924 3126 1023 3194; x_wconf 89' lang='lat' dir='ltr'>plures,</span> <span class='ocrx_word' id='word_1_305' title='bbox 1049 3131 1080 3180; x_wconf 93' lang='lat' dir='ltr'>ut</span> <span class='ocrx_word' id='word_1_306' title='bbox 1098 3127 1203 3181; x_wconf 86' lang='lat' dir='ltr'>dixisse</span> <span class='ocrx_word' id='word_1_307' title='bbox 1222 3127 1334 3181; x_wconf 88' lang='lat' dir='ltr'>totidem</span> <span class='ocrx_word' id='word_1_308' title='bbox 1353 3129 1460 3185; x_wconf 87' lang='lat' dir='ltr'>arbores</span> 
     </span>
    </p>

    <p class='ocr_par' dir='ltr' id='par_1_10' title="bbox 103 3209 1469 3536">
     <span class='ocr_line' id='line_1_34' title="bbox 172 3209 1469 3286; baseline 0.002 -19"><span class='ocrx_word' id='word_1_309' title='bbox 172 3213 194 3274; x_wconf 83' lang='grc' dir='ltr'>Ι,</span> <span class='ocrx_word' id='word_1_310' title='bbox 207 3217 232 3280; x_wconf 87' lang='grc'>8,</span> <span class='ocrx_word' id='word_1_311' title='bbox 245 3217 270 3270; x_wconf 82' lang='grc'>4.</span> <span class='ocrx_word' id='word_1_312' title='bbox 296 3209 477 3268; x_wconf 77' lang='grc' dir='ltr'>Ἰὄιάιτατοι</span> <span class='ocrx_word' id='word_1_313' title='bbox 496 3215 530 3268; x_wconf 77' lang='grc' dir='ltr'>δὲ</span> <span class='ocrx_word' id='word_1_314' title='bbox 549 3215 805 3286; x_wconf 78' lang='grc' dir='ltr'>οἱτῆςμηλέας·</span> <span class='ocrx_word' id='word_1_315' title='bbox 859 3213 958 3268; x_wconf 81' lang='lat' dir='ltr'>cortice</span> <span class='ocrx_word' id='word_1_316' title='bbox 983 3213 1061 3282; x_wconf 85' lang='lat' dir='ltr'>pellis</span> <span class='ocrx_word' id='word_1_317' title='bbox 1085 3214 1203 3282; x_wconf 86' lang='lat' dir='ltr'>tingunt,</span> <span class='ocrx_word' id='word_1_318' title='bbox 1233 3215 1322 3269; x_wconf 82' lang='lat' dir='ltr'>radice</span> <span class='ocrx_word' id='word_1_319' title='bbox 1347 3216 1437 3284; x_wconf 71' lang='lat' dir='ltr'>lanas,</span> <span class='ocrx_word' id='word_1_320' title='bbox 1463 3234 1469 3269; x_wconf 89' lang='lat'>1</span> 
     </span>
     <span class='ocr_line' id='line_1_35' title="bbox 104 3298 1428 3375; baseline 0 -19"><span class='ocrx_word' id='word_1_321' title='bbox 104 3298 296 3375; x_wconf 68' lang='lat' dir='ltr'>ipsocorpdp</span> <span class='ocrx_word' id='word_1_322' title='bbox 315 3301 443 3374; x_wconf 74' lang='grc' dir='ltr'>θηρίων</span> <span class='ocrx_word' id='word_1_323' title='bbox 462 3298 664 3374; x_wconf 78' lang='grc' dir='ltr'>προσώποις·</span> <span class='ocrx_word' id='word_1_324' title='bbox 684 3303 729 3361; x_wconf 80' lang='grc' dir='ltr'>εἰς</span> <span class='ocrx_word' id='word_1_325' title='bbox 749 3304 805 3373; x_wconf 83' lang='grc' dir='ltr'>μὲν</span> <span class='ocrx_word' id='word_1_326' title='bbox 858 3301 1039 3368; x_wconf 90' lang='lat' dir='ltr'>proprium</span> <span class='ocrx_word' id='word_1_327' title='bbox 1086 3317 1215 3368; x_wconf 84' lang='lat' dir='ltr'>genus,</span> <span class='ocrx_word' id='word_1_328' title='bbox 1274 3303 1428 3356; x_wconf 87' lang='lat' dir='ltr'>ferarum</span> 
     </span>
     <span class='ocr_line' id='line_1_36' title="bbox 104 3382 1469 3462; baseline 0.001 -20"><span class='ocrx_word' id='word_1_329' title='bbox 104 3382 277 3462; x_wconf 65' lang='grc' dir='ltr'>μέγιστος,</span> <span class='ocrx_word' id='word_1_330' title='bbox 304 3383 401 3443; x_wconf 73' lang='lat' dir='ltr'>dalei</span> <span class='ocrx_word' id='word_1_331' title='bbox 426 3389 459 3442; x_wconf 81' lang='grc' dir='ltr'>δὲ</span> <span class='ocrx_word' id='word_1_332' title='bbox 483 3388 559 3460; x_wconf 81' lang='grc' dir='ltr'>περὶ</span> <span class='ocrx_word' id='word_1_333' title='bbox 578 3384 673 3441; x_wconf 68' lang='grc' dir='ltr'>αὐτὸν</span> <span class='ocrx_word' id='word_1_334' title='bbox 693 3391 806 3462; x_wconf 79' lang='grc' dir='ltr'>μικροὶ</span> <span class='ocrx_word' id='word_1_335' title='bbox 858 3393 973 3442; x_wconf 86' lang='lat' dir='ltr'>rostra</span> <span class='ocrx_word' id='word_1_336' title='bbox 1007 3388 1163 3441; x_wconf 84' lang='lat' dir='ltr'>reddunt</span> <span class='ocrx_word' id='word_1_337' title='bbox 1196 3388 1469 3444; x_wconf 76' lang='lat' dir='ltr'>adhaerentibus</span> 
     </span>
     <span class='ocr_line' id='line_1_37' title="bbox 103 3474 1239 3536; baseline -0.004 -6"><span class='ocrx_word' id='word_1_338' title='bbox 103 3477 249 3536; x_wconf 83' lang='grc' dir='ltr'>πλείους.</span> <span class='ocrx_word' id='word_1_339' title='bbox 858 3474 1239 3529; x_wconf 86' lang='lat' dir='ltr'>maxumominoribus.</span> 
     </span>
    </p>
   </div>
   <div class='ocr_carea' id='block_1_4' title="bbox 103 3575 1471 4793">
    <p class='ocr_par' dir='ltr' id='par_1_11' title="bbox 103 3575 1470 4286">
     <span class='ocr_line' id='line_1_38' title="bbox 207 3575 1469 3667; baseline 0.002 -23"><span class='ocrx_word' id='word_1_340' title='bbox 207 3580 304 3664; x_wconf 85' lang='lat' dir='ltr'>Apud</span> <span class='ocrx_word' id='word_1_341' title='bbox 334 3579 586 3662; x_wconf 81' lang='lat' dir='ltr'>Theophrastum</span> <span class='ocrx_word' id='word_1_342' title='bbox 616 3578 641 3659; x_wconf 90' lang='lat' dir='ltr'>I,</span> <span class='ocrx_word' id='word_1_343' title='bbox 675 3577 705 3654; x_wconf 88' lang='lat'>8,</span> <span class='ocrx_word' id='word_1_344' title='bbox 740 3579 760 3642; x_wconf 90' lang='lat'><strong>3</strong></span> <span class='ocrx_word' id='word_1_345' title='bbox 794 3581 919 3645; x_wconf 88' lang='lat' dir='ltr'>codices</span> <span class='ocrx_word' id='word_1_346' title='bbox 952 3581 1120 3665; x_wconf 87' lang='lat' dir='ltr'>praebent:</span> <span class='ocrx_word' id='word_1_347' title='bbox 1156 3575 1244 3656; x_wconf 73' lang='lat' dir='ltr'>„bi’d</span> <span class='ocrx_word' id='word_1_348' title='bbox 1272 3578 1322 3644; x_wconf 84' lang='grc' dir='ltr'>καὶ</span> <span class='ocrx_word' id='word_1_349' title='bbox 1350 3580 1469 3667; x_wconf 63' lang='lat' dir='ltr'>desolo-,a</span> 
     </span>
     <span class='ocr_line' id='line_1_39' title="bbox 103 3681 1470 3765; baseline 0.003 -18"><span class='ocrx_word' id='word_1_350' title='bbox 103 3689 195 3748; x_wconf 79' lang='grc' dir='ltr'>ταῦτα</span> <span class='ocrx_word' id='word_1_351' title='bbox 217 3688 358 3746; x_wconf 62' lang='grc' dir='ltr'>καλοῦσιιι</span> <span class='ocrx_word' id='word_1_352' title='bbox 381 3702 423 3746; x_wconf 91' lang='lat' dir='ltr'>so.</span> <span class='ocrx_word' id='word_1_353' title='bbox 449 3681 586 3763; x_wconf 88' lang='lat' dir='ltr'>arbores,</span> <span class='ocrx_word' id='word_1_354' title='bbox 611 3702 747 3765; x_wconf 91' lang='lat' dir='ltr'>quarum</span> <span class='ocrx_word' id='word_1_355' title='bbox 765 3687 844 3748; x_wconf 88' lang='lat' dir='ltr'>rami</span> <span class='ocrx_word' id='word_1_356' title='bbox 861 3686 999 3749; x_wconf 89' lang='lat' dir='ltr'>ordinati</span> <span class='ocrx_word' id='word_1_357' title='bbox 1023 3691 1099 3749; x_wconf 92' lang='lat' dir='ltr'>sunt</span> <span class='ocrx_word' id='word_1_358' title='bbox 1122 3693 1153 3748; x_wconf 89' lang='lat' dir='ltr'>et</span> <span class='ocrx_word' id='word_1_359' title='bbox 1167 3685 1335 3748; x_wconf 83' lang='lat' dir='ltr'>intervallo</span> <span class='ocrx_word' id='word_1_360' title='bbox 1351 3700 1383 3750; x_wconf 92' lang='lat' dir='ltr'>et</span> <span class='ocrx_word' id='word_1_361' title='bbox 1399 3708 1470 3751; x_wconf 89' lang='lat' dir='ltr'>nun</span> 
     </span>
     <span class='ocr_line' id='line_1_40' title="bbox 104 3784 1446 3871; baseline 0.005 -22"><span class='ocrx_word' id='word_1_362' title='bbox 104 3787 306 3851; x_wconf 87' lang='lat' dir='ltr'>Vocabulum</span> <span class='ocrx_word' id='word_1_363' title='bbox 335 3784 588 3870; x_wconf 70' lang='grc' dir='ltr'>,,ιἰξιολο·ρώτατα“</span> <span class='ocrx_word' id='word_1_364' title='bbox 627 3806 677 3851; x_wconf 89' lang='lat' dir='ltr'>me</span> <span class='ocrx_word' id='word_1_365' title='bbox 709 3789 839 3870; x_wconf 88' lang='lat' dir='ltr'>quidem</span> <span class='ocrx_word' id='word_1_366' title='bbox 867 3790 974 3852; x_wconf 90' lang='lat' dir='ltr'>iudice</span> <span class='ocrx_word' id='word_1_367' title='bbox 1005 3791 1076 3852; x_wconf 91' lang='lat' dir='ltr'>sine</span> <span class='ocrx_word' id='word_1_368' title='bbox 1105 3789 1203 3852; x_wconf 91' lang='lat' dir='ltr'>dubio</span> <span class='ocrx_word' id='word_1_369' title='bbox 1233 3789 1351 3853; x_wconf 87' lang='lat' dir='ltr'>falsum</span> <span class='ocrx_word' id='word_1_370' title='bbox 1382 3803 1446 3871; x_wconf 72' lang='lat' dir='ltr'>est,</span> 
     </span>
     <span class='ocr_line' id='line_1_41' title="bbox 106 3892 1470 3980; baseline 0.002 -24"><span class='ocrx_word' id='word_1_371' title='bbox 106 3894 263 3957; x_wconf 90' lang='lat' dir='ltr'>sententia</span> <span class='ocrx_word' id='word_1_372' title='bbox 302 3897 409 3976; x_wconf 89' lang='lat' dir='ltr'>„quod</span> <span class='ocrx_word' id='word_1_373' title='bbox 447 3893 527 3956; x_wconf 88' lang='lat' dir='ltr'>rami</span> <span class='ocrx_word' id='word_1_374' title='bbox 566 3893 702 3956; x_wconf 87' lang='lat' dir='ltr'>ordinati</span> <span class='ocrx_word' id='word_1_375' title='bbox 741 3901 834 3969; x_wconf 87' lang='lat' dir='ltr'>sunt,</span> <span class='ocrx_word' id='word_1_376' title='bbox 875 3894 934 3956; x_wconf 92' lang='lat' dir='ltr'>hae</span> <span class='ocrx_word' id='word_1_377' title='bbox 972 3892 1099 3955; x_wconf 88' lang='lat' dir='ltr'>arbores</span> <span class='ocrx_word' id='word_1_378' title='bbox 1137 3900 1315 3958; x_wconf 87' lang='lat' dir='ltr'>memoratu</span> <span class='ocrx_word' id='word_1_379' title='bbox 1353 3895 1470 3980; x_wconf 76' lang='lat' dir='ltr'>digniss</span> 
     </span>
     <span class='ocr_line' id='line_1_42' title="bbox 105 3994 1466 4081; baseline 0.005 -24"><span class='ocrx_word' id='word_1_380' title='bbox 105 3997 290 4076; x_wconf 82' lang='lat' dir='ltr'>vocantur“,</span> <span class='ocrx_word' id='word_1_381' title='bbox 320 3997 413 4059; x_wconf 92' lang='lat' dir='ltr'>nihili</span> <span class='ocrx_word' id='word_1_382' title='bbox 442 4002 496 4060; x_wconf 86' lang='lat' dir='ltr'>est.</span> <span class='ocrx_word' id='word_1_383' title='bbox 550 3995 635 4072; x_wconf 81' lang='lat' dir='ltr'>Quid</span> <span class='ocrx_word' id='word_1_384' title='bbox 663 3999 762 4080; x_wconf 88' lang='lat' dir='ltr'>igitur</span> <span class='ocrx_word' id='word_1_385' title='bbox 794 3994 997 4060; x_wconf 82' lang='lat' dir='ltr'>scribamus?</span> <span class='ocrx_word' id='word_1_386' title='bbox 1044 3995 1134 4060; x_wconf 81' lang='lat' dir='ltr'>Certe</span> <span class='ocrx_word' id='word_1_387' title='bbox 1164 3999 1344 4081; x_wconf 88' lang='lat' dir='ltr'>postulatur</span> <span class='ocrx_word' id='word_1_388' title='bbox 1367 4001 1466 4064; x_wconf 91' lang='lat' dir='ltr'>vocab</span> 
     </span>
     <span class='ocr_line' id='line_1_43' title="bbox 104 4098 1470 4186; baseline 0.002 -23"><span class='ocrx_word' id='word_1_389' title='bbox 104 4098 242 4183; x_wconf 88' lang='lat' dir='ltr'>aliquod,</span> <span class='ocrx_word' id='word_1_390' title='bbox 278 4100 363 4181; x_wconf 86' lang='lat' dir='ltr'>quod</span> <span class='ocrx_word' id='word_1_391' title='bbox 397 4120 501 4164; x_wconf 87' lang='lat' dir='ltr'>ramos</span> <span class='ocrx_word' id='word_1_392' title='bbox 535 4102 695 4164; x_wconf 86' lang='lat' dir='ltr'>ordinatos</span> <span class='ocrx_word' id='word_1_393' title='bbox 730 4120 799 4164; x_wconf 91' lang='lat' dir='ltr'>esse</span> <span class='ocrx_word' id='word_1_394' title='bbox 833 4099 982 4179; x_wconf 79' lang='lat' dir='ltr'>ostendit,</span> <span class='ocrx_word' id='word_1_395' title='bbox 1016 4109 1047 4162; x_wconf 89' lang='lat' dir='ltr'>et</span> <span class='ocrx_word' id='word_1_396' title='bbox 1079 4112 1163 4165; x_wconf 89' lang='lat' dir='ltr'>recte</span> <span class='ocrx_word' id='word_1_397' title='bbox 1200 4122 1249 4166; x_wconf 88' lang='lat' dir='ltr'>me</span> <span class='ocrx_word' id='word_1_398' title='bbox 1285 4104 1417 4186; x_wconf 89' lang='lat' dir='ltr'>quidem</span> <span class='ocrx_word' id='word_1_399' title='bbox 1451 4107 1470 4166; x_wconf 78' lang='lat' dir='ltr'>ir</span> 
     </span>
     <span class='ocr_line' id='line_1_44' title="bbox 108 4201 681 4286; baseline -0.002 -19"><span class='ocrx_word' id='word_1_400' title='bbox 108 4203 305 4268; x_wconf 86' lang='lat' dir='ltr'>Wimmerus</span> <span class='ocrx_word' id='word_1_401' title='bbox 328 4205 454 4286; x_wconf 89' lang='lat' dir='ltr'>scripsit</span> <span class='ocrx_word' id='word_1_402' title='bbox 476 4201 681 4278; x_wconf 72' lang='grc' dir='ltr'>,,ταξιόξωτα“.</span> 
     </span>
    </p>

    <p class='ocr_par' dir='ltr' id='par_1_12' title="bbox 104 4305 1471 4793">
     <span class='ocr_line' id='line_1_45' title="bbox 210 4305 1470 4394; baseline 0.004 -25"><span class='ocrx_word' id='word_1_403' title='bbox 210 4305 257 4370; x_wconf 87' lang='lat' dir='ltr'>De</span> <span class='ocrx_word' id='word_1_404' title='bbox 280 4307 330 4370; x_wconf 90' lang='lat' dir='ltr'>his</span> <span class='ocrx_word' id='word_1_405' title='bbox 352 4306 556 4390; x_wconf 86' lang='lat' dir='ltr'>paragraphis</span> <span class='ocrx_word' id='word_1_406' title='bbox 581 4306 658 4387; x_wconf 90' lang='lat' dir='ltr'>quid</span> <span class='ocrx_word' id='word_1_407' title='bbox 684 4306 799 4387; x_wconf 90' lang='lat' dir='ltr'>dicam,</span> <span class='ocrx_word' id='word_1_408' title='bbox 823 4306 947 4370; x_wconf 88' lang='lat' dir='ltr'>dubito.</span> <span class='ocrx_word' id='word_1_409' title='bbox 995 4306 1075 4371; x_wconf 85' lang='lat' dir='ltr'>Cum</span> <span class='ocrx_word' id='word_1_410' title='bbox 1098 4311 1255 4374; x_wconf 88' lang='lat' dir='ltr'>nonnulla</span> <span class='ocrx_word' id='word_1_411' title='bbox 1277 4313 1363 4394; x_wconf 90' lang='lat' dir='ltr'>apud</span> <span class='ocrx_word' id='word_1_412' title='bbox 1389 4320 1470 4376; x_wconf 82' lang='lat' dir='ltr'>utrur</span> 
     </span>
     <span class='ocr_line' id='line_1_46' title="bbox 104 4409 1467 4496; baseline 0.002 -21"><span class='ocrx_word' id='word_1_413' title='bbox 104 4419 292 4495; x_wconf 84' lang='lat' dir='ltr'>congruant,</span> <span class='ocrx_word' id='word_1_414' title='bbox 315 4410 476 4494; x_wconf 86' lang='lat' dir='ltr'>pleraque,</span> <span class='ocrx_word' id='word_1_415' title='bbox 509 4427 592 4493; x_wconf 89' lang='lat' dir='ltr'>quae</span> <span class='ocrx_word' id='word_1_416' title='bbox 618 4409 740 4472; x_wconf 90' lang='lat' dir='ltr'>Plinius</span> <span class='ocrx_word' id='word_1_417' title='bbox 762 4410 901 4492; x_wconf 88' lang='lat' dir='ltr'>praebet,</span> <span class='ocrx_word' id='word_1_418' title='bbox 937 4413 1023 4495; x_wconf 87' lang='lat' dir='ltr'>apud</span> <span class='ocrx_word' id='word_1_419' title='bbox 1045 4412 1295 4496; x_wconf 78' lang='lat' dir='ltr'>Theophrastum</span> <span class='ocrx_word' id='word_1_420' title='bbox 1328 4436 1392 4479; x_wconf 93' lang='lat' dir='ltr'>non</span> <span class='ocrx_word' id='word_1_421' title='bbox 1427 4437 1467 4481; x_wconf 81' lang='lat' dir='ltr'>ex</span> 
     </span>
     <span class='ocr_line' id='line_1_47' title="bbox 105 4512 1466 4599; baseline 0.001 -18"><span class='ocrx_word' id='word_1_422' title='bbox 105 4515 180 4582; x_wconf 90' lang='lat' dir='ltr'>Non</span> <span class='ocrx_word' id='word_1_423' title='bbox 213 4515 355 4598; x_wconf 87' lang='lat' dir='ltr'>loquitur</span> <span class='ocrx_word' id='word_1_424' title='bbox 387 4514 621 4597; x_wconf 81' lang='lat' dir='ltr'>Theophrastus</span> <span class='ocrx_word' id='word_1_425' title='bbox 656 4514 694 4576; x_wconf 96' lang='lat' dir='ltr'>de</span> <span class='ocrx_word' id='word_1_426' title='bbox 728 4512 895 4577; x_wconf 90' lang='lat' dir='ltr'>arboribus</span> <span class='ocrx_word' id='word_1_427' title='bbox 930 4515 1071 4580; x_wconf 83' lang='lat' dir='ltr'>dividuis</span> <span class='ocrx_word' id='word_1_428' title='bbox 1103 4537 1161 4581; x_wconf 90' lang='lat' dir='ltr'>nec</span> <span class='ocrx_word' id='word_1_429' title='bbox 1194 4521 1337 4599; x_wconf 85' lang='lat' dir='ltr'>ramosis,</span> <span class='ocrx_word' id='word_1_430' title='bbox 1375 4522 1466 4585; x_wconf 91' lang='lat' dir='ltr'>indiv</span> 
     </span>
     <span class='ocr_line' id='line_1_48' title="bbox 105 4619 1471 4702; baseline 0.003 -17"><span class='ocrx_word' id='word_1_431' title='bbox 105 4621 256 4700; x_wconf 88' lang='lat' dir='ltr'>ramosis,</span> <span class='ocrx_word' id='word_1_432' title='bbox 302 4638 407 4702; x_wconf 86' lang='lat' dir='ltr'>neque</span> <span class='ocrx_word' id='word_1_433' title='bbox 444 4625 689 4700; x_wconf 89' lang='lat' dir='ltr'>commemorat,</span> <span class='ocrx_word' id='word_1_434' title='bbox 733 4637 869 4701; x_wconf 89' lang='lat' dir='ltr'>quarum</span> <span class='ocrx_word' id='word_1_435' title='bbox 916 4619 1065 4682; x_wconf 89' lang='lat' dir='ltr'>arborum</span> <span class='ocrx_word' id='word_1_436' title='bbox 1110 4625 1188 4684; x_wconf 90' lang='lat' dir='ltr'>rami</span> <span class='ocrx_word' id='word_1_437' title='bbox 1235 4625 1371 4687; x_wconf 87' lang='lat' dir='ltr'>ordinati</span> <span class='ocrx_word' id='word_1_438' title='bbox 1419 4637 1471 4689; x_wconf 80' lang='lat' dir='ltr'>aul</span> 
     </span>
     <span class='ocr_line' id='line_1_49' title="bbox 107 4727 340 4793; baseline 0 -2"><span class='ocrx_word' id='word_1_439' title='bbox 107 4728 244 4793; x_wconf 87' lang='lat' dir='ltr'>ordinati</span> <span class='ocrx_word' id='word_1_440' title='bbox 268 4727 340 4791; x_wconf 87' lang='lat' dir='ltr'>sint.</span> 
     </span>
    </p>
   </div>
   <div class='ocr_carea' id='block_1_5' title="bbox 0 0 1602 5206">
    <p class='ocr_par' dir='ltr' id='par_1_13' title="bbox 0 0 1602 5206">
     <span class='ocr_line' id='line_1_50' title="bbox 0 0 1602 5206; baseline 0 0"><span class='ocrx_word' id='word_1_441' title='bbox 0 0 1602 5206; x_wconf 95' lang='lat' dir='ltr'> </span> 
     </span>
    </p>
   </div>
  </div>
 </body>
</html>
