3292 5436
179 352 219 405 ll.
269 345 463 422 Διαφορὰς
500 349 536 403 δὲ
574 350 705 423 ἔχουσι
735 355 815 408 τοῖς

92 435 257 506 φλοιοῖς,
281 432 354 490 καθ’
372 431 408 495 ἃς
426 437 650 508 γνωρίζουσιν
678 436 707 489 oi
727 434 815 490 ἰδόν-

91 541 159 581 τες
180 518 282 582 ababa
299 520 330 576 τὸ
349 523 453 594 δένδρον
472 521 587 595 πεφυκὸς
608 518 682 575 τοῖόν
701 522 725 576 τί
746 523 813 576 ἐστι·

178 606 333 674 Vitruv.ll,
352 614 378 676 9,
397 613 427 665 7:
446 607 487 660 Ex
506 624 537 661 ea
554 609 653 673 autom,
671 614 814 676 antequam

97 696 149 747 est
186 695 292 762 excisa,
328 711 414 763 quae
451 711 529 763 pars
565 696 620 748 est
655 694 815 761 proxima

98 785 236 847 terrae,
254 797 302 849 por
319 781 422 834 radices
441 781 574 849 recipiens
593 797 627 835 ex
641 780 812 848 proximitate

97 866 244 920 humorem
280 868 405 922 enodis
439 870 466 920 et
497 867 601 935 liquida
630 867 812 936 efficitur,

95 968 191 1020 quae
226 969 308 1008 vero
342 957 395 1008 est
424 955 605 1023 superior,
642 954 814 1008 vehementia

96 1038 201 1094 caloris
226 1040 332 1094 eductis
350 1041 380 1093 in
397 1057 535 1110 aoraper
560 1041 665 1095 nodos
688 1040 813 1107 ramis,

98 1126 226 1193 praecisa
251 1126 303 1180 alte
331 1127 440 1182 circiter
467 1127 549 1196 pedes
576 1127 677 1196 viginti
700 1130 727 1180 et
752 1144 812 1195 per·

95 1211 192 1266 dolata
228 1217 372 1282 proptor
403 1212 609 1269 nodationis
639 1214 813 1268 duritiem

97 1297 240 1353 dicitur
259 1316 337 1354 esse
355 1301 528 1354 fusterna.
564 1299 622 1354 Ima
639 1303 729 1353 autem
748 1316 810 1355 cum

95 1385 226 1438 excisa
277 1387 539 1455 quadrifluviis
589 1387 811 1454 disparatur,

94 1471 189 1525 eiecto
213 1473 292 1527 torilo
317 1490 351 1526 ex
374 1475 467 1528 eadem
490 1475 596 1541 arbore,
621 1475 654 1527 ad
682 1474 812 1527 intestina

97 1575 184 1626 opera
202 1562 370 1628 eomparatur
386 1565 420 1614 ot
437 1561 605 1629 sappinea
623 1563 775 1615 vocatur.

171 1647 241 1713 §IL
275 1650 332 1701 καί
351 1645 454 1702 αὐτοῦ
473 1653 531 1702 τοῦ
551 1649 692 1722 δένδρου
712 1647 750 1719 δὴ
768 1647 809 1702 τὰ

93 1730 182 1805 πρὸς
200 1735 324 1808 βορρᾶν
343 1732 539 1807 πυκνότερα
552 1732 806 1808 καὶνεανικώτερα·

172 1821 212 1875 12.
255 1815 360 1882 Ὅλως
397 1823 430 1876 δὲ
466 1823 568 1897 χείρω
605 1819 644 1874 τὰ
678 1823 713 1875 ἐκ
743 1827 806 1874 τῶν

92 1901 255 1978 ἐφύγρων
286 1910 330 1962 καὶ
360 1903 488 1962 εὖδιεινῶν
524 1910 581 1962 καὶ
614 1909 805 1963 ταλισκίων

92 1994 143 2046 καί
162 1999 322 2067 σννηρεφῶν.

170 2078 279 2133 Vitruv.
301 2080 334 2142 ll,
361 2085 402 2148 10,
425 2086 450 2139 2,
495 2080 590 2149 Itaque
614 2096 699 2149 quae
725 2083 807 2134 sunt

92 2165 131 2218 in
163 2167 298 2234 apricis
328 2169 537 2236 regionibus
573 2166 707 2236 spissis
744 2183 806 2220 ve-

91 2268 215 2305 narum
242 2255 504 2310 crebritatibus
531 2255 720 2320 solidatae,
753 2270 806 2308 non

92 2338 225 2393 habentes
234 2356 269 2393 ex
279 2341 390 2396 humore
399 2343 544 2410 rarimtem,
555 2358 617 2395 cum
628 2342 656 2393 in
666 2341 805 2393 materiam

93 2425 275 2495 perdolantur,
299 2429 451 2483 reddunt
468 2444 605 2498 magnas
623 2427 804 2481 utilitates

91 2510 134 2564 ad
152 2514 377 2568 vetustatem.
408 2516 714 2581 Ideoinfernates,
735 2530 803 2581 quae

91 2614 129 2652 ex
166 2599 266 2667 apricis
302 2602 370 2656 locis
406 2604 593 2670 apportantur,
636 2600 803 2655 meliores

88 2688 189 2751 suut,
215 2703 313 2755 quam
338 2700 424 2755 quae
448 2688 481 2741 ab
506 2688 596 2756 opacis
621 2688 660 2741 de
678 2703 803 2756 super·

89 2771 242 2826 natibus
260 2774 489 2829 advehuntur.

818 143 858 206 Π

938 347 1176 415 „intellectus
1198 349 1235 402 in
1253 350 1387 405 cortice
1407 349 1575 417 protinus

868 435 1032 502 peritis“.

937 626 1031 694 §lae
1066 626 1208 681 Abietis
1233 643 1318 696 quae
1344 643 1422 696 pars
1449 631 1575 682 aterra

866 712 937 765 fuit
971 712 1096 766 enodis
1131 716 1193 767 est.
1247 715 1329 769 haee
1366 731 1419 783 qua
1450 713 1572 769 diximus

865 799 967 853 ratione
1003 798 1157 854 fluviata
1190 800 1430 856 decorticatur
1465 803 1573 870 atque

865 885 915 939 ita
934 887 1105 954 sappinus
1122 890 1283 949 vocatur,
1308 888 1475 956 superior
1492 903 1573 956 pars

866 973 995 1027 nodosa
1013 973 1205 1043 duriorque
1224 975 1392 1029 fusterna

935 1648 991 1713 „ot
1034 1647 1067 1699 in
1102 1648 1196 1715 ipsis
1231 1653 1345 1702 autem
1380 1649 1568 1704 arboribus

861 1732 1087 1787 robustiores
1105 1734 1311 1803 aquiloniae
1330 1738 1463 1803 partes,
1481 1738 1515 1789 et
1532 1737 1567 1790 in

859 1822 973 1873 totum
997 1820 1192 1875 deteriores
1210 1837 1251 1875 ex
1271 1822 1406 1875 umidis
1426 1823 1567 1891 opacis-

860 1921 939 1973 que,
967 1907 1164 1974 spissiores
1190 1924 1230 1961 ex
1256 1908 1392 1976 apricis
1419 1925 1459 1963 ae
1487 1909 1567 1964 diu·

859 1996 990 2046 turrae.
1032 1993 1110 2047 ideo
1133 1993 1256 2049 Romae
1280 1995 1442 2049 infernas
1466 1997 1566 2050 abies
1589 2023 1592 2027 ⁴

860 2079 1044 2147 supernati
1062 2081 1295 2148 praefertur“.

200 2877 377 2943 Evidenter
405 2882 537 2964 adparet
559 2883 642 2946 hano
664 2879 899 2964 paragraphum
931 2878 1045 2960 partim
1069 2896 1111 2941 ex
1132 2876 1347 2960 Theophrasto
1378 2883 1492 2963 partim
1516 2901 1558 2947 ex

94 2979 246 3045 Vitruvio
269 2992 432 3066 sumptam
455 3005 534 3049 esse.

162 3099 196 3167 V,
222 3105 248 3166 2,
278 3107 301 3159 l.
349 3101 526 3178 Διαιροῦσι
554 3106 587 3159 δέ
614 3126 681 3165 τινες
713 3103 799 3158 κατὰ

87 3185 149 3247 τὰς
173 3186 298 3262 χώρας,
323 3192 367 3244 καί
385 3212 462 3265 φασιν
481 3187 624 3266 ἀρίστην
644 3196 690 3265 μὲν
710 3193 799 3246 εἷναι

88 3279 139 3344 τῆς
159 3270 222 3347 ὕλης
320 3282 367 3348 τῆς
391 3279 426 3338 είς
448 3274 496 3350 τὴν
516 3276 634 3334 Ἑλλάδα
661 3300 799 3353 παραγινο-

90 3363 174 3433 μένης
197 3360 256 3434 τὴν
275 3360 519 3437 Μακεδονικήν
619 3364 747 3440 Δευτέραν
771 3367 800 3421 δὲ

91 3444 155 3518 τήν
179 3446 363 3521 Ποντικήν·
390 3455 479 3524 τρίτην
507 3453 535 3506 δέ
562 3450 621 3525 τὴν
650 3449 798 3508 ἀπὸτοῦ

84 3531 291 3589 Ῥονδαίκου·
315 3534 442 3609 τετάρτην
462 3539 490 3592 δὲ
508 3537 567 3611 τὴν
587 3538 798 3612 Αίνιανικτξν·

87 3616 122 3691 (ἡ
151 3617 202 3674 ἀπὸ
229 3627 276 3676 τοῦ
301 3620 450 3678 ‘Po-addace
483 3625 576 3677 eadem
602 3641 662 3679 esse
691 3626 799 3680 videtur

87 3710 174 3774 atque
200 3724 231 3760 ea
258 3725 338 3776 quam
364 3709 471 3764 Plinius
504 3712 534 3763 in
560 3710 691 3781 Bithynia
723 3713 799 3766 nasci

90 3792 171 3845 dicit.
210 3792 377 3858 ,,Ρο’νδακος“
401 3798 474 3849 enim
498 3800 540 3851 est
562 3799 661 3852 flumen
685 3797 798 3867 Mysiae,

90 3878 167 3947 quod
199 3896 257 3935 eam
288 3897 393 3951 quoque
422 3885 504 3938 Asiae
536 3887 650 3952 partem,
687 3901 754 3954 quae
783 3903 799 3940 a

85 3964 219 4020 Romanis
250 3967 388 4022 dicebatur
415 3969 546 4039 Bithynia
573 3972 725 4040 provincia,
755 3975 797 4025 at·

86 4051 199 4120 tingitl·
223 4056 399 4129 χειρίστην
419 4058 452 4112 δὲ
470 4057 531 4130 τὴν
551 4058 796 4133 Παρνασιακὴν

86 4141 150 4192 καὶ
177 4139 237 4212 τὴν
265 4138 453 4215 Εὖβοϊκὴν·
486 4145 542 4198 καὶ
569 4143 629 4219 γὰρ
659 4142 797 4208 diuidere

85 4227 148 4279 καὶ
175 4228 299 4301 τραχείας
322 4230 378 4282 καὶ
402 4228 490 4304 ταχὺ
516 4228 692 4303 σήπεσθαι.
735 4233 797 4308 Περὶ

86 4314 117 4367 δὲ
135 4317 195 4383 τῆς
211 4310 414 4388 Ἀρκαδικῆς
433 4319 567 4370 σκεπτέον.

160 4397 200 4452 Ι)ο
223 4399 331 4454 Corsica
355 4402 388 4455 cf.
408 4407 432 4470 5,
460 4407 485 4471 8,
515 4408 537 4462 l·
583 4401 735 4477 Μέγιστα
764 4408 797 4462 δὲ

88 4484 232 4559 καὶπαρά
247 4485 313 4542 πολὺ
331 4488 371 4543 τὰ
389 4488 608 4565 ἐντῄΚόρνιρ
628 4495 705 4566 φασὶν
719 4494 796 4548 εἶναι·

89 4577 142 4625 τῶν
161 4570 209 4646 γὰρ
229 4575 255 4628 έν
273 4579 306 4649 τῇ
325 4573 423 4650 Λατίνῃ
446 4578 532 4632 καλῶν
555 4581 697 4650 γινομένων
722 4577 798 4654 ὑπερ-

89 4659 157 4732 βολῇ
181 4662 294 4715 καὶτῶν
313 4663 436 4716 ἐλατίνων
460 4665 571 4718 καὶτῶν
590 4666 717 4720 πευκίνων

94 4742 171 4800 οὐδὲν
190 4746 255 4802 εἶναι
273 4746 337 4822 πρὸς
355 4745 389 4802 τὰ
407 4750 433 4802 ἐν
451 4754 485 4824 τῇ
503 4747 608 4826 Κύρνῳ.

922 3098 1010 3165 5197.
1037 3097 1098 3150 Est
1116 3113 1163 3165 per
1181 3114 1209 3151 se
1227 3100 1385 3167 gentium
1404 3118 1510 3173 quoque
1530 3106 1559 3159 in

851 3185 908 3238 his
938 3184 1155 3249 differentia
1209 3185 1325 3254 Alpibus
1360 3191 1556 3261 Apenninoque

850 3270 1067 3338 laudatissimae,
1094 3271 1123 3322 in
1150 3270 1248 3339 Gallia,
1275 3271 1385 3329 Iuribus
1413 3292 1444 3330 ae
1468 3282 1557 3333 monte

852 3357 965 3425 vosego,
984 3356 1019 3409 in
1038 3355 1196 3424 Corsica,
1220 3357 1406 3429 Bithynia,
1430 3363 1560 3433 Ponto,

850 3442 1061 3498 Macedonia
1097 3443 1213 3498 deterior
1230 3448 1419 3504 Aeaeatioa
1441 3454 1469 3504 et
1491 3453 1555 3506 Ar·

851 3530 987 3599 cadica,
1022 3545 1183 3598 pessuma
1217 3530 1384 3588 Parnasia
1419 3538 1454 3590 et
1488 3536 1558 3592 Eu·

851 3617 979 3684 boica,
1022 3617 1183 3685 quoniam
1224 3635 1376 3675 ramosae
1420 3622 1477 3676 ibi
1521 3626 1558 3678 et

851 3703 985 3757 contortae
1004 3707 1329 3776 putrescentesque
1348 3708 1463 3763 facile.
