3292 5436
804 172 846 238 59

200 380 241 444 In
263 401 387 465 paragr.
405 380 469 447 142
491 381 636 446 Plinium
651 381 903 465 Theophrastum
926 387 1074 447 secutum
1097 401 1167 447 esse
1181 388 1267 466 puto.
1304 382 1387 447 Nam
1403 384 1556 467 pleraque

96 461 194 548 Plinii
226 483 421 551 verbotenus
449 487 514 552 lere
544 486 595 568 iis,
628 505 711 569 quae
732 485 969 570 Tbeophrastns
995 486 1136 571 praebet,
1170 486 1364 571 respondent
1397 492 1437 569 et,
1472 506 1555 571 quae

99 570 224 653 Plinius
246 589 342 673 plura
363 589 468 674 habet,
498 592 568 674 ipse
592 589 716 655 adicere
738 591 850 674 potuit.
895 589 978 655 Item
1000 590 1127 657 Cretam
1149 593 1284 676 patriam
1306 609 1376 656 esse
1398 591 1554 674 cupressi,

41 698 44 711 '
102 700 136 756 ht
154 693 233 757 dicit
254 693 317 758 snb
339 693 437 759 finem
460 712 582 778 paragr.
605 694 679 776 141,
709 692 921 779 Theophrasto
949 714 1000 760 me
1031 696 1162 779 quidem
1190 695 1298 761 iudice
1329 695 1439 776 debet3
1469 714 1553 778 quae

104 796 176 862 dicit
215 798 256 862 de
292 799 432 863 Aenaria
475 798 583 863 insula
627 804 684 863 aut
727 816 768 862 ex
813 801 917 883 ipsius
961 801 1096 866 seientia
1141 806 1198 866 aut
1242 801 1343 865 alium
1387 803 1551 864 auctorem

100 907 230 967 secutus
253 903 377 967 adiecit.

161 1020 217 1090 IH,
242 1027 266 1090 l,
293 1026 325 1081 5:
352 1025 398 1077 καὶ
423 1018 500 1076 πάλιν
527 1017 589 1077 ὅταν
617 1023 799 1097 ἐπομβρίαι
922 1027 1015 1094 §lle
1052 1025 1109 1080 Nee
1132 1027 1217 1080 terrae
1242 1026 1347 1078 lanium
1369 1026 1463 1078 natura
1486 1024 1562 1078 circa·

90 1106 248 1184 κατάσχωσι
259 1109 342 1183 alaier
353 1106 463 1184 χρόνον·
481 1111 526 1164 οιαὶ
543 1109 591 1183 γὰρ
610 1111 643 1165 έν
659 1107 800 1172 ταύταις
852 1112 901 1166 hes
919 1112 999 1166 refert
1016 1115 1063 1167 ant
1080 1115 1208 1181 perpetua
1224 1111 1301 1180 caeli,
1319 1127 1414 1166 verum
1432 1115 1460 1165 et
1475 1126 1557 1179 quae·

90 1192 302 1269 βλαστησεις
326 1198 480 1268 γίνονται
503 1201 618 1269 φυτῶν.
655 1191 747 1252 Ἔοικε
772 1199 800 1253 δέ
853 1199 914 1253 dam
943 1200 1103 1267 temporaria
1138 1200 1193 1254 vis
1228 1196 1401 1252 imbrium.
1448 1213 1557 1266 aquae

87 1280 108 1355 ἡ
126 1288 190 1337 τῶν
209 1290 366 1358 ποταμῶν
391 1284 514 1358 ἔφοδος
537 1280 676 1356 ἐπάγειν
701 1288 800 1359 cuis·
853 1286 1054 1355 plerumque
1078 1286 1210 1340 semina
1233 1285 1411 1349 adferunt,
1435 1286 1557 1339 atcerte

88 1391 184 1442 ματα
201 1373 247 1425 καὶ
263 1368 395 1445 καρπούς·
418 1369 541 1431 καὶτοὺς
560 1366 668 1446 ὀγετοός
687 1392 749 1445 φασι
766 1370 800 1427 τὰ
852 1373 970 1428 fluunt
995 1387 1121 1441 genere
1154 1371 1343 1440 aliquando
1370 1372 1475 1426 etiam
1502 1371 1557 1424 in-

86 1463 141 1512 τῶν
161 1458 436 1534 ποωδῶνσπὲρματα.
473 1455 508 1511 Ἥ
533 1458 561 1512 δὲ
579 1458 708 1532 ἐπομβρίαι
725 1457 796 1514 τοῦτ’
853 1461 1010 1529 cognito,
1053 1458 1142 1529 quod
1177 1458 1310 1514 accidit
1345 1458 1558 1528 Cyrenaicae

87 1541 159 1599 adad
178 1551 262 1599 ποιεῖ·
280 1549 469 1621 συγκαταφέρει
486 1542 534 1617 γὰρ
553 1542 637 1598 πολλὰ
655 1550 704 1599 τῶν
724 1566 800 1619 catep-
854 1546 1002 1616 regioni,
1021 1546 1253 1615 cumprimum
1268 1545 1316 1600 ibi
1334 1545 1559 1613 laserpicium

86 1629 193 1704 μάτων,
221 1634 267 1686 οιαὶ
294 1626 350 1703 ἅμα
375 1633 452 1706 σῆψίν
479 1651 537 1713 τινα
559 1636 607 1704 τῆς
629 1637 676 1704 γῆς
694 1635 738 1687 καὶ
755 1638 802 1688 τοῦ
855 1637 971 1688 natum
989 1634 1056 1699 est,
1076 1635 1107 1686 ut
1121 1633 1151 1686 in
1169 1633 1311 1687 herbarum
1323 1635 1416 1686 natura
1428 1632 1560 1687 dicemur.

85 1714 198 1778 ὕδατος.
856 1723 935 1776 nata
967 1722 1021 1774 est
1052 1722 1086 1773 et
1112 1719 1204 1772 silva
1231 1719 1310 1772 urbi
1336 1719 1368 1772 ei
1396 1735 1562 1788 proxuma

165 1805 227 1872 §e
258 1801 804 1881 ...Ἐνιαχοῦδὲκαὶὺδάτωνέπι-
856 1807 966 1861 imbre
992 1806 1094 1874 piceo
1121 1821 1312 1874 crassoque
1344 1805 1453 1859 circiter
1483 1805 1560 1860 urbis

86 1894 287 1964 γινομένων
311 1889 486 1966 έδιώτερον
515 1890 695 1950 ἀνατεῖλαι
723 1889 804 1966 ὕλης
857 1895 956 1950 Romae
973 1908 1073 1946 annum
1091 1891 1270 1947 CCCCXXX.

85 1979 241 2050 πλῆθος,
268 1975 375 2053 ὥσπερ
401 1981 433 2032 έν
456 1977 594 2054 Κυρήνη
619 1979 805 2042 τιττώδους

84 2063 187 2125 τινὸς
205 2069 391 2138 γενομένου
410 2069 618 2142 καὶπαγέος·
639 2062 726 2122 οὕτω
744 2067 803 2142 γὰρ

86 2149 355 2225 ἀνεβλάστησεν
391 2150 409 2224 ἡ
442 2155 589 2225 πλησίον
627 2148 689 2227 ὕλη
726 2152 805 2228 πρό-

84 2258 195 2313 τεμον
215 2235 276 2294 οὐκ
294 2235 384 2295 οὖσα.
415 2237 483 2295 Φασὶ
501 2242 529 2296 δὲ
546 2244 602 2297 οιαὶ
620 2242 804 2316 τοσίλφιον

87 2322 158 2381 οὐκ
187 2321 223 2381 ὂν
253 2324 419 2401 πρότερον
447 2329 484 2381 ἐκ
510 2325 677 2401 τοιαύτης
712 2328 806 2389 τινὸς

90 2412 215 2473 αἰτίας
233 2417 390 2487 φανῆναι.

166 2496 215 2567 VI,
238 2504 264 2566 8,
289 2505 314 2556 3.
358 2497 425 2553 Φασὶ
449 2495 473 2552 δ’
486 2499 510 2553 οἱ
528 2496 673 2573 Κυρηναῖοι
692 2507 805 2575 φανῆναι

87 2585 125 2641 τὸ
150 2578 250 2660 σίλφιον
275 2587 357 2640 ἔτεσιν
380 2585 506 2660 πρότερον
531 2583 644 2659 dodaci
661 2587 710 2660 τήν
729 2586 815 2643 πόλιν

88 2666 202 2747 ᾤκησαν
229 2673 309 2728 ἑπτά·
337 2675 436 2728 οἰκοῦσι
460 2674 489 2727 δὲ
517 2671 628 2746 μάλιστα
652 2677 711 2748 περὶ
735 2695 806 2749 τρια-

88 2758 176 2816 ardeia.
192 2762 228 2821 εἰς
247 2759 393 2832 Σιμωνίδην
413 2755 529 2835 ἄρχοντα
545 2757 694 2835 Ἀθήνησιν.

201 2865 267 2929 Hic
290 2867 407 2945 omnia,
436 2886 519 2949 quae
541 2872 676 2951 uterque
699 2867 838 2952 praebet,
868 2866 963 2950 plane
996 2871 1180 2950 congruunt
1209 2885 1317 2950 neque
1347 2866 1436 2930 aliud
1469 2867 1559 2949 quic·

93 2989 196 3054 quam
219 2969 348 3034 Plinius
376 2970 492 3035 adiecit
514 2973 579 3035 nisi
601 2971 898 3037 determinationem
927 2972 1090 3054 temporis,
1121 2989 1185 3052 quo
1214 2970 1268 3034 illa
1296 2970 1377 3033 silva
1410 2975 1485 3032 nata
1508 2970 1557 3033 sit.

94 3074 150 3138 Ex
172 3075 253 3156 loeo,
284 3093 380 3157 quem
402 3075 514 3155 adtuli,
544 3075 760 3158 Theophrasti,
792 3095 856 3159 quo
886 3075 963 3139 dicit
985 3075 1189 3157 laserpicium
1219 3078 1340 3157 septem
1363 3075 1457 3137 annis
1481 3079 1556 3138 ante

93 3177 308 3260 Cyrenaicum
341 3178 454 3243 urbem
490 3178 654 3242 conditam
687 3186 796 3244 natam
830 3199 911 3262 esse,
945 3180 1073 3244 Plinius
1107 3180 1167 3242 hcc
1202 3178 1318 3243 ducere
1346 3198 1412 3242 non
1439 3180 1556 3262 potuit.

90 3282 176 3348 Nam
201 3284 270 3366 ipse
293 3284 388 3347 tradit
410 3280 506 3363 XIX,
528 3282 568 3345 41
594 3283 688 3347 haec:
714 3282 974 3368 „(Laserpicium)
991 3333 997 3347 .
1015 3332 1022 3346 .
1038 3332 1068 3346 ..
1094 3292 1207 3346 natum
1233 3330 1289 3346 ...
1315 3289 1438 3365 septem
1460 3285 1556 3348 annis

90 3393 171 3451 aute
192 3387 347 3472 oppidum
371 3385 580 3467 Cyrenarum,
611 3387 698 3469 quod
722 3387 889 3452 eonditum
919 3393 967 3452 est
997 3386 1086 3450 urhis
1117 3392 1244 3451 nostrae
1286 3405 1371 3449 anno
1394 3385 1561 3453 CXLIII‘h

92 3495 211 3555 natum
243 3497 293 3556 est
327 3492 427 3575 igitur
459 3491 664 3573 laserpicium
699 3510 784 3555 anno
819 3490 996 3556 CXXXVI
1029 3490 1120 3555 urbis
1162 3490 1292 3554 Romae.
1349 3490 1443 3554 Unde
1477 3490 1560 3554 hano

92 3595 248 3677 temporis
283 3595 580 3659 determinationem
614 3596 812 3660 transtulerit
847 3595 984 3678 Plinius,
1027 3596 1181 3680 equidem
1215 3595 1331 3659 nescio.
1387 3593 1450 3659 Sed
1485 3614 1561 3658 oum

89 3703 197 3763 cetera
219 3718 336 3781 magna
359 3717 401 3762 ex
422 3704 511 3782 parte
534 3697 726 3763 verbotenus
742 3718 817 3762 cum
833 3700 1039 3783 Theophrasti
1075 3699 1180 3765 verbis
1196 3703 1384 3782 congruant,
1408 3697 1559 3782 equidem

91 3822 162 3867 non
190 3802 314 3885 dubito,
339 3804 419 3885 quin
442 3803 520 3867 haec
543 3821 585 3866 ex
607 3802 662 3866 illo
685 3802 849 3867 fluxerint.

200 3923 238 3987 In
273 3945 397 4008 paragr.
431 3925 451 3988 6
489 3924 694 4007 Theophrasti
732 3925 904 3989 traduntur
940 3926 1018 3990 haec
1057 3924 1171 3988 verba:
1217 3920 1332 4009 ,ὥσπερ
1370 3924 1400 3986 ἐν
1438 3921 1560 4009 Κυρήνη

88 4025 253 4099 arcadicus
282 4028 358 4101 τινὸς
388 4028 543 4114 γενομένου
573 4025 624 4092 καὶ
653 4028 774 4114 παχέος.
819 4025 896 4092 οὕτω
927 4028 983 4115 γὰρ
1015 4027 1231 4114 ἀνεβλάστησεν
1265 4033 1352 4092 aelst
1405 4027 1466 4092 Sed
1498 4048 1563 4112 quo

91 4133 259 4198 referenda
288 4139 365 4197 sunt
386 4133 441 4197 illa
470 4130 644 4210 „cumdium
666 4133 742 4204 τινὸς
764 4133 920 4217 γενομένου
943 4130 993 4196 καὶ
1015 4131 1173 4220 copied?
1225 4133 1263 4196 In
1287 4134 1338 4213 iis,
1369 4152 1452 4216 quae
1474 4138 1563 4197 ante-

91 4237 225 4320 cedunt,
254 4242 383 4302 exstant
409 4235 542 4316 „iterur
566 4237 798 4321 ἐπιγινομένους
830 4238 916 4302 unde
946 4238 1078 4302 fortasse
1110 4237 1253 4320 suppleri
1282 4237 1383 4321 possit
1412 4232 1563 4312 ,,ὓ’δαεος“.

96 4342 162 4406 Sed
186 4361 223 4406 ea
248 4361 389 4425 quoque,
421 4361 503 4426 quae
527 4346 691 4423 secuntur,
721 4341 800 4404 mihi
831 4341 1018 4425 displicent3
1048 4361 1125 4405 nam
1147 4359 1214 4404 non
1237 4340 1367 4405 honum
1390 4359 1460 4405 esse
1483 4343 1563 4405 mihi

93 4446 238 4528 videtur,
277 4447 365 4529 quod
403 4446 508 4511 verbis
547 4440 659 4523 „adama
699 4444 773 4529 γάρ“
808 4447 966 4509 sententie
1006 4443 1242 4530 ,,οἰνεβλοὶστησεν
1285 4442 1305 4528 ἡ
1341 4441 1464 4528 πλησίον
1488 4441 1563 4528 ὕλη(ι

91 4552 274 4615 secernitur
295 4551 335 4614 ab
358 4570 405 4632 ea,
434 4570 516 4634 quae
539 4549 706 4614 antecedit.
751 4547 843 4613 Certe
872 4549 989 4614 melius
1020 4552 1071 4632 sit,
1100 4550 1127 4613 si
1163 4550 1241 4612 haec
1271 4548 1367 4613 verba
1390 4551 1564 4614 coniuncta

91 4656 220 4719 sintin
247 4674 345 4718 unam
379 4657 586 4719 sententiam:
623 4659 680 4736 „ut
710 4653 746 4717 in
768 4652 945 4734 Cyrenaica
973 4656 1104 4738 regione
1134 4651 1237 4717 imbre
1270 4655 1361 4736 piceo
1392 4671 1565 4737 crassoque

95 4764 173 4823 nata
207 4764 255 4823 est
288 4758 369 4822 silva
398 4759 488 4822 etc.“.
550 4757 655 4834 Quare
690 4757 918 4838 coniecturam,
954 4778 1052 4841 quam
1071 4757 1143 4822 Ed.
1172 4755 1388 4822 Schwartzius
1424 4757 1564 4840 benigne
