3188 5206
817 160 859 224 76

212 370 342 435 Plinius
366 371 445 453 quin
468 370 520 432 hic
543 369 758 452 Theophrasto
790 368 860 451 ipso
890 386 970 430 usus
1001 368 1052 450 sit,
1084 369 1235 452 equidem
1265 387 1333 431 non
1362 365 1484 449 dubito,
1509 368 1551 432 sed

109 495 176 538 uon
199 475 295 559 plane
318 478 464 538 accurate
487 474 557 536 eius
579 471 677 537 verba
699 473 801 537 vertit.
845 470 932 535 Dicit
954 473 1040 536 enim
1063 473 1191 537 laricem
1215 476 1247 537 et
1270 471 1409 536 abietem
1424 473 1550 537 omniun

108 577 259 642 arborum
282 596 352 642 esse
374 576 547 641 altissimas
569 596 607 640 ac
629 577 833 658 rectissimae,
857 576 913 640 sed
928 576 1063 640 navium
1079 577 1170 640 malis
1192 576 1420 658 antemnisque
1443 580 1550 659 propter

108 683 271 747 levitatem
293 681 446 767 praeferri
468 680 638 762 abietem“,
661 700 736 744 cum
758 679 993 764 Theophrastus
1018 679 1102 744 dicat
1125 680 1262 744 abietem
1286 699 1357 744 esse
1380 679 1548 742 altissimam

54 780 57 793 '
109 790 141 850 et
161 787 385 868 rectissimam,
409 805 507 869 quam
529 784 569 848 ob
591 804 660 850 rem
683 804 725 849 ex
747 803 784 848 ea
806 782 886 846 fiant
907 790 1077 848 antemnae
1100 786 1253 868 malique,
1276 789 1307 848 et
1326 785 1387 848 hoc
1404 784 1547 868 proprium

91 907 177 954 resse
200 889 313 954 abietis
335 908 448 953 rursus
472 889 609 954 declaret
638 888 756 970 verbis,
788 906 871 971 quae
894 892 1022 951 exstant
1043 889 1135 952 initio
1165 909 1288 973 paragr.
1312 888 1342 952 8.
1389 886 1546 952 Levitaten

73 1002 75 1011 '
106 992 219 1058 abietis
252 993 488 1078 Theophrastus
523 998 748 1058 commemorat
781 992 822 1074 V,
855 993 884 1073 7,
920 992 935 1054 l
973 991 1013 1054 cb
1043 1011 1179 1077 eamque
1209 1011 1277 1057 rem
1307 993 1392 1056 hanc
1425 991 1546 1055 arboren

105 1098 256 1180 optimam
288 1116 357 1162 esse
386 1098 426 1160 ad
458 1096 620 1162 faciendas
651 1099 795 1161 triremes
828 1102 859 1160 et
887 1114 986 1159 naves
1016 1096 1129 1180 longas
1160 1098 1245 1161 dicit.
1298 1096 1410 1182 Pergit
1440 1097 1546 1160 Phnios
1588 1162 1590 1169 ,

107 1203 311 1283 „communia
333 1203 383 1265 his
406 1201 581 1285 pinoque“,
605 1220 687 1285 quae
710 1201 878 1265 desumere
900 1201 1005 1284 potuit
1028 1219 1070 1264 ex
1092 1202 1299 1287 Theophrasti
1323 1201 1432 1266 verbis
1454 1198 1544 1278 ,aaa
1587 1188 1590 1261 s

105 1304 187 1368 καινά
210 1309 260 1389 τῆς
282 1303 392 1389 πεύκης
416 1302 466 1368 καὶ
489 1303 595 1388 ἐλάτης
617 1301 736 1367 καὶτῶν
752 1299 878 1368 άλλων“.
922 1304 962 1367 In
986 1305 1035 1369 his
1058 1306 1165 1370 verbis
1187 1307 1320 1371 offendit
1335 1305 1543 1384 Schneiderus‚

105 1428 178 1473 cum
192 1409 271 1473 haec
288 1411 365 1474 dicit
381 1409 452 1491 (III,
468 1410 535 1491 18):
552 1409 735 1492 „Equidem
750 1410 802 1472 hio
818 1408 937 1473 dubius
952 1410 1074 1491 haereo,
1091 1429 1155 1492 quo
1171 1410 1303 1475 referam
1320 1409 1340 1494 ἡ
1358 1409 1411 1497 μὲν
1427 1448 1467 1458 -
1480 1409 1498 1495 ἡ
1513 1407 1543 1474 a

73 1526 76 1531 ’
104 1511 187 1577 Nam
218 1514 258 1577 ad
288 1512 421 1596 ,,πεάκη“
445 1518 476 1577 et
498 1511 626 1596 ,,ἐλάτη“
655 1533 719 1576 non
750 1519 854 1597 potest
876 1518 1004 1598 propter
1026 1532 1165 1597 sequens
1196 1512 1264 1591 „aad
1286 1520 1342 1578 τῶν
1366 1511 1496 1581 duur:
1521 1521 1545 1579 ct

103 1619 249 1700 sequitur
284 1615 471 1702 ,,τετραξύαυς
506 1615 558 1701 μὲν
595 1613 703 1688 boardi
760 1616 929 1682 Manifesto
968 1625 1074 1683 tamen
1112 1619 1215 1682 addit:
1251 1618 1321 1696 ,,ταλς
1361 1618 1396 1683 δὲ
1425 1617 1539 1690 τοιαύτας

104 1718 211 1792 ἐλάτας
241 1717 291 1784 καὶ
320 1719 431 1794 πεύκας
453 1719 620 1807 τετραξόους
650 1724 815 1785 aalaidis&
860 1721 962 1803 Igitur
991 1725 1025 1786 iu
1055 1722 1161 1786 verbis
1191 1720 1259 1801 „rod
1289 1729 1345 1787 τῶν
1376 1727 1482 1789 ἐλατῶν
1506 1719 1542 1787 καὶ

102 1830 157 1888 τῶν
188 1820 306 1889 ἄλλωνιι
340 1827 455 1889 vitium
490 1829 575 1890 inest
608 1826 824 1890 manifestum.
877 1825 1041 1890 Sententia
1074 1825 1218 1910 flagitare
1251 1829 1381 1894 videtur
1414 1826 1479 1907 ,aul
1503 1831 1541 1891 riu

64 2000 67 2005 Δ
102 1923 201 1993 ἄλλων
223 1935 279 1993 τῶν
301 1928 491 2015 ὁμαηενῶνίψ
538 1929 670 1995 Codices
692 1931 823 1995 tradunt
845 1931 923 1994 haec
945 1930 1059 1995 verba:
1084 1928 1152 2009 „aad
1175 1929 1283 2016 ἐλάτης
1305 1930 1356 1997 καὶ
1379 1938 1433 2017 arba
1453 1935 1538 1997 ἐλατύιι

103 2031 152 2097 καὶ
176 2028 300 2098 άλλων“.
344 2033 452 2098 Verba
484 2035 612 2111 ,,ἐλατῶν
640 2032 709 2098 ααὶ“
740 2034 826 2098 Gaza
857 2036 964 2098 omisit
994 2039 1104 2098 utrum
1134 2037 1281 2100 consulto
1310 2057 1353 2100 an
1382 2038 1466 2121 quod
1493 2055 1538 2100 non

103 2137 181 2222 legit
202 2140 238 2201 in
261 2139 372 2202 codice
395 2158 464 2220 suo,
497 2139 617 2220 dubito,
648 2157 789 2221 eumque
813 2145 943 2202 secutus
966 2138 1180 2203 Schneiderus
1203 2141 1344 2205 seclusit.
1392 2141 1537 2206 Rectene

103 2242 235 2324 quidem
263 2242 381 2323 iudice,
412 2262 487 2304 nam
520 2247 603 2306 certe
625 2242 719 2304 nihili
742 2248 828 2324 sunt,
857 2262 964 2326 neque
987 2251 1066 2327 puto
1089 2245 1289 2309 emendanda
1317 2264 1389 2310 esse
1418 2243 1482 2323 „aad
1499 2249 1537 2307 rob

102 2339 200 2409 ἄλλων
223 2350 277 2409 τῶν
301 2343 475 2429 epopeus,
506 2366 580 2409 nam
605 2347 693 2410 hunc
716 2366 848 2411 sensum
871 2367 922 2411 me
946 2348 1078 2431 quidem
1106 2349 1215 2413 iudice
1243 2349 1395 2431 praebere
1425 2352 1541 2435 possunt

103 2450 170 2513 sola
191 2451 289 2519 verba
320 2447 387 2526 ‚aul
410 2454 465 2512 τῶν
489 2444 614 2528 diluat
645 2451 735 2514 nullo
758 2452 821 2514 alio
843 2451 1001 2515 vocabulo
1024 2452 1140 2516 addito.
1187 2452 1350 2536 Equidem
1384 2457 1492 2521 haereo
1512 2454 1537 2516 in

101 2553 220 2634 verbis,
253 2573 335 2637 quae
358 2561 513 2618 secuntur
535 2552 572 2638 „lp
598 2552 649 2638 μὲν
772 2552 791 2638 ἡ
816 2553 848 2618 δὲ
871 2559 958 2618 κτλ.“.
1004 2554 1094 2621 Certe
1124 2558 1202 2621 haec
1233 2559 1400 2623 referenda
1422 2565 1494 2623 sunt
1509 2555 1540 2620 ad

102 2656 238 2721 abietem
267 2665 298 2721 et
327 2659 456 2722 laricem
485 2665 516 2722 et
548 2666 679 2740 ceterae,
709 2659 765 2722 sed
793 2678 902 2722 nonne
933 2659 1100 2724 scribenda
1129 2662 1208 2725 sint:
1244 2659 1330 2740 „na
1361 2663 1418 2749 γάρ
1446 2663 1475 2726 αἱ
1495 2658 1547 2746 μὲι

102 2759 258 2845 τετράξααι,
291 2761 321 2824 αἱ
345 2760 377 2824 δὲ
400 2759 496 2838 ὃίξααι,
527 2763 558 2826 αἱ
581 2761 614 2825 δὲ
638 2762 797 2846 μανόξααιίι,
829 2762 950 2826 dubito.
995 2765 1078 2829 Nam
1100 2768 1178 2830 haec
1201 2768 1316 2831 melius
1340 2769 1493 2852 quadrant
1509 2762 1548 2828 uk

100 2870 169 2949 ,,τῆς
200 2863 310 2948 πεύκης
339 2861 389 2928 καλ
417 2864 524 2949 ἐλάτης
551 2864 601 2930 καὶ
631 2871 684 2929 τῶν
714 2861 839 2943 άλλων“,
875 2876 905 2930 et
938 2875 1047 2950 postea
1081 2889 1206 2954 semper
1239 2891 1398 2936 numerus
1426 2869 1550 2956 pluralis

100 2975 220 3033 exstat:
250 2973 391 3046 „achobor
413 2967 446 3032 δὲ
468 2969 638 3055 τετραξόαυς
660 3019 738 3033 ....
761 2969 812 3042 τάς
835 2969 867 3033 δὲ
889 2970 1026 3045 τοιαύτας
1050 2972 1157 3046 ἐλάτας
1184 2972 1235 3038 καὶ
1257 2974 1369 3048 πεύκας
1391 2973 1553 3063 τετραξύοῦς

98 3078 237 3137 καλοῦσι·
360 3073 390 3137 αἱ
414 3071 502 3147 δίξααι
524 3074 557 3138 δὲ
680 3073 833 3159 μαναξόαυς
856 3073 889 3138 δὲ
911 3080 1060 3141 solodori
1105 3079 1166 3143 Sed
1195 3100 1251 3163 pro
1280 3087 1365 3161 nerto
1393 3082 1452 3145 hoc
1481 3096 1551 3144 con-

102 3179 232 3242 tendere
254 3197 322 3240 non
345 3179 457 3241 audeo,

925 3265 1075 3332 „fabrorum
1112 3266 1141 3319 in
1171 3268 1301 3323 intestina
1330 3284 1409 3339 opera
1442 3264 1556 3323 mednlltr

855 3351 985 3406 sectilis‘t.

205 3471 295 3536 Haec
324 3493 390 3536 uon
421 3478 549 3535 exstant
579 3475 666 3557 apud
688 3473 939 3558 Theophrastum
971 3482 1001 3540 et
1031 3476 1162 3541 aliunde
1196 3496 1266 3542 esse
1294 3480 1476 3545 intercalata
1496 3471 1548 3538 rel

103 3595 145 3640 ex
168 3595 204 3641 eo
227 3577 366 3660 adparet,
390 3577 476 3659 quod
501 3579 773 3642 continuationem
798 3581 950 3643 orationis
974 3580 1113 3644 turbant.

168 3730 200 3798 V,
221 3734 244 3797 1,
264 3735 288 3788 9.
332 3732 440 3785 καλοῦσι
464 3732 492 3786 δὲ
515 3730 722 3805 amparare
747 3737 801 3805 μὲν,
926 3736 1087 3804 „optuma
1105 3738 1385 3806 quadripertitis
1402 3734 1560 3795 materies

98 3813 169 3878 ὅσαις
182 3857 258 3871 .....
273 3819 338 3872 εἰσὶ
357 3819 448 3872 δὲκαὶ
466 3818 548 3891 πρὸς
565 3817 625 3880 τὰς
643 3821 802 3893 ἐργασίας
855 3824 883 3874 et
901 3822 1007 3877 mollior
1024 3839 1103 3892 qnam
1122 3828 1250 3880 ceierae&

97 3900 199 3959 αὗται
226 3902 424 3959 κάλλισται·
461 3904 610 3961 πυκνότατα
637 3905 685 3981 γάρ
714 3908 802 3982 ἔχουσι

97 3990 137 4045 τὰ
158 3989 246 4052 ξύλα.

207 4113 304 4195 Quid,
329 4116 415 4197 quod
438 4116 566 4180 Plinius
590 4117 667 4181 dicit
682 4120 846 4182 materiem
865 4120 1166 4203 quadripertitarum
1182 4141 1252 4188 esse
1266 4123 1442 4191 molliorem
1456 4132 1549 4207 quenl

105 4225 299 4299 ceterarum,
344 4218 578 4301 Theophrastus
617 4222 863 4305 quadripertitos
901 4224 1124 4288 densissimam
1163 4228 1326 4291 materiem
1372 4216 1552 4313 passura?

98 4320 259 4404 Equidem
283 4328 361 4405 puto
384 4323 472 4386 hunc
496 4343 565 4388 esse
582 4344 718 4389 errorem
734 4326 843 4409 Plinii,
867 4330 933 4410 qui,
957 4349 1032 4393 cum
1049 4331 1201 4412 studeret,
1225 4350 1308 4414 quae
1319 4330 1546 4418 Theophrastus
1585 4392 1590 4421 ,

100 4424 239 4505 tradidit,
270 4427 304 4488 in
327 4446 430 4510 pauca
452 4428 550 4492 verba
572 4431 765 4512 contrahere,
798 4450 835 4495 ea
866 4453 929 4514 qua
958 4440 1024 4497 erat
1053 4435 1211 4499 celeritate
1234 4440 1265 4499 et
1287 4436 1482 4521 neglegentia
1503 4432 1543 4493 51¹

100 4529 230 4593 utendis
246 4530 441 4612 auctoribus,
464 4533 504 4596 ad
522 4535 769 4618 quadripertitus
785 4535 863 4599 falso
880 4538 1011 4619 rettulit,
1036 4559 1118 4621 quae
1133 4538 1369 4623 Theophrastus
1391 4542 1430 4607 de
1444 4532 1544 4603 undis

95 4633 172 4724 dicit
199 4635 233 4695 in
261 4654 383 4718 paragr.
408 4636 464 4698 10:
501 4636 551 4713 „ui
582 4635 671 4711 δίεισι
702 4637 735 4702 δὲ
856 4638 1036 4705 ἁπαλώτατα
1070 4641 1122 4726 μὲν
1152 4637 1202 4707 οὖν
1232 4642 1325 4709 ταῦτά
1358 4670 1443 4735 φασιν
1467 4641 1547 4730 ἔχει*

92 4736 129 4800 τά
154 4735 252 4809 ξύλα“.
