<?xml version="1.0" encoding="UTF-8"?>
<!DOCTYPE html PUBLIC "-//W3C//DTD XHTML 1.0 Transitional//EN"
    "http://www.w3.org/TR/xhtml1/DTD/xhtml1-transitional.dtd">
<html xmlns="http://www.w3.org/1999/xhtml" xml:lang="en" lang="en">
 <head>
  <title>
</title>
<meta http-equiv="Content-Type" content="text/html;charset=utf-8" />
  <meta name='ocr-system' content='tesseract 3.04.00' />
  <meta name='ocr-capabilities' content='ocr_page ocr_carea ocr_par ocr_line ocrx_word'/>
</head>
<body>
  <div class='ocr_page' id='page_1' title='image "./derationequaein00renjgoog_0082.png"; bbox 0 0 3292 5436; ppageno 0'>
   <div class='ocr_carea' id='block_1_1' title="bbox 756 119 797 183">
    <p class='ocr_par' dir='ltr' id='par_1_1' title="bbox 756 119 797 183">
     <span class='ocr_line' id='line_1_1' title="bbox 756 119 797 183; baseline 0.024 -1"><span class='ocrx_word' id='word_1_1' title='bbox 756 119 797 183; x_wconf 79' lang='lat'>67</span> 
     </span>
    </p>
   </div>
   <div class='ocr_carea' id='block_1_2' title="bbox 39 324 1580 1866">
    <p class='ocr_par' dir='ltr' id='par_1_2' title="bbox 39 324 1580 1866">
     <span class='ocr_line' id='line_1_2' title="bbox 41 324 1509 416; baseline 0.004 -27"><span class='ocrx_word' id='word_1_2' title='bbox 41 345 173 410; x_wconf 79' lang='lat' dir='ltr'><strong>paragr.</strong></span> <span class='ocrx_word' id='word_1_3' title='bbox 200 325 273 406; x_wconf 85' lang='lat'>163,</span> <span class='ocrx_word' id='word_1_4' title='bbox 301 330 332 390; x_wconf 94' lang='lat' dir='ltr'>et</span> <span class='ocrx_word' id='word_1_5' title='bbox 356 343 439 408; x_wconf 90' lang='lat' dir='ltr'>quae</span> <span class='ocrx_word' id='word_1_6' title='bbox 462 324 656 388; x_wconf 88' lang='lat' dir='ltr'>antecedunt</span> <span class='ocrx_word' id='word_1_7' title='bbox 677 326 754 390; x_wconf 93' lang='lat' dir='ltr'>inde</span> <span class='ocrx_word' id='word_1_8' title='bbox 777 347 796 389; x_wconf 87' lang='lat' dir='ltr'>a</span> <span class='ocrx_word' id='word_1_9' title='bbox 818 346 940 410; x_wconf 79' lang='lat' dir='ltr'>paragr.</span> <span class='ocrx_word' id='word_1_10' title='bbox 967 327 1038 408; x_wconf 85' lang='lat'>156,</span> <span class='ocrx_word' id='word_1_11' title='bbox 1067 346 1108 390; x_wconf 87' lang='lat' dir='ltr'>ex</span> <span class='ocrx_word' id='word_1_12' title='bbox 1138 329 1199 391; x_wconf 89' lang='lat' dir='ltr'>alio</span> <span class='ocrx_word' id='word_1_13' title='bbox 1229 335 1358 393; x_wconf 88' lang='lat' dir='ltr'>auctore</span> <span class='ocrx_word' id='word_1_14' title='bbox 1381 338 1509 416; x_wconf 86' lang='lat' dir='ltr'>sumpta</span> 
     </span>
     <span class='ocr_line' id='line_1_3' title="bbox 44 429 1509 518; baseline 0.004 -25"><span class='ocrx_word' id='word_1_15' title='bbox 44 432 127 510; x_wconf 92' lang='lat' dir='ltr'>sint,</span> <span class='ocrx_word' id='word_1_16' title='bbox 157 430 365 493; x_wconf 86' lang='lat' dir='ltr'>verisimilius</span> <span class='ocrx_word' id='word_1_17' title='bbox 394 429 473 492; x_wconf 89' lang='lat' dir='ltr'>mihi</span> <span class='ocrx_word' id='word_1_18' title='bbox 500 429 629 492; x_wconf 87' lang='lat' dir='ltr'>videtur</span> <span class='ocrx_word' id='word_1_19' title='bbox 659 430 736 493; x_wconf 89' lang='lat' dir='ltr'>haec</span> <span class='ocrx_word' id='word_1_20' title='bbox 764 432 916 494; x_wconf 87' lang='lat' dir='ltr'>universa</span> <span class='ocrx_word' id='word_1_21' title='bbox 947 450 989 494; x_wconf 85' lang='lat' dir='ltr'>ex</span> <span class='ocrx_word' id='word_1_22' title='bbox 1012 432 1074 494; x_wconf 91' lang='lat' dir='ltr'>alio</span> <span class='ocrx_word' id='word_1_23' title='bbox 1098 439 1226 497; x_wconf 90' lang='lat' dir='ltr'>auctore</span> <span class='ocrx_word' id='word_1_24' title='bbox 1249 452 1326 511; x_wconf 92' lang='lat' dir='ltr'>uno,</span> <span class='ocrx_word' id='word_1_25' title='bbox 1360 435 1416 517; x_wconf 89' lang='lat' dir='ltr'>qui</span> <span class='ocrx_word' id='word_1_26' title='bbox 1439 436 1509 518; x_wconf 91' lang='lat' dir='ltr'>ipse</span> 
     </span>
     <span class='ocr_line' id='line_1_4' title="bbox 48 531 1512 621; baseline 0.005 -25"><span class='ocrx_word' id='word_1_27' title='bbox 48 553 135 596; x_wconf 90' lang='lat' dir='ltr'>usus</span> <span class='ocrx_word' id='word_1_28' title='bbox 158 537 225 597; x_wconf 88' lang='lat' dir='ltr'>erat</span> <span class='ocrx_word' id='word_1_29' title='bbox 246 532 471 617; x_wconf 77' lang='lat' dir='ltr'>Theophrasto,</span> <span class='ocrx_word' id='word_1_30' title='bbox 493 531 638 597; x_wconf 85' lang='lat' dir='ltr'>fluxisse.</span> <span class='ocrx_word' id='word_1_31' title='bbox 683 533 898 599; x_wconf 86' lang='lat' dir='ltr'>Schneiderus</span> <span class='ocrx_word' id='word_1_32' title='bbox 928 535 1004 617; x_wconf 84' lang='grc' dir='ltr'>(ΙΙΙ,</span> <span class='ocrx_word' id='word_1_33' title='bbox 1033 537 1121 617; x_wconf 80' lang='grc'>373),</span> <span class='ocrx_word' id='word_1_34' title='bbox 1156 538 1212 619; x_wconf 91' lang='lat' dir='ltr'>qui</span> <span class='ocrx_word' id='word_1_35' title='bbox 1244 541 1356 621; x_wconf 87' lang='lat' dir='ltr'>putare</span> <span class='ocrx_word' id='word_1_36' title='bbox 1382 539 1512 603; x_wconf 84' lang='lat' dir='ltr'>ridetur</span> 
     </span>
     <span class='ocr_line' id='line_1_5' title="bbox 49 636 1560 721; baseline 0.007 -21"><span class='ocrx_word' id='word_1_37' title='bbox 49 638 134 701; x_wconf 87' lang='lat' dir='ltr'>haec</span> <span class='ocrx_word' id='word_1_38' title='bbox 150 636 293 700; x_wconf 88' lang='lat' dir='ltr'><strong>Plinium</strong></span> <span class='ocrx_word' id='word_1_39' title='bbox 317 657 359 721; x_wconf 85' lang='lat' dir='ltr'>ex</span> <span class='ocrx_word' id='word_1_40' title='bbox 373 636 586 719; x_wconf 82' lang='lat' dir='ltr'>Theophrasto</span> <span class='ocrx_word' id='word_1_41' title='bbox 609 638 679 721; x_wconf 89' lang='lat' dir='ltr'>ipso</span> <span class='ocrx_word' id='word_1_42' title='bbox 702 644 886 702; x_wconf 88' lang='lat' dir='ltr'>mutuatum</span> <span class='ocrx_word' id='word_1_43' title='bbox 909 658 990 720; x_wconf 87' lang='lat' dir='ltr'>esse,</span> <span class='ocrx_word' id='word_1_44' title='bbox 1012 640 1104 703; x_wconf 90' lang='lat' dir='ltr'>illurn</span> <span class='ocrx_word' id='word_1_45' title='bbox 1128 642 1222 703; x_wconf 90' lang='lat' dir='ltr'>etiarn</span> <span class='ocrx_word' id='word_1_46' title='bbox 1246 659 1511 707; x_wconf 81' lang='lat' dir='ltr'>commemorasse</span> <span class='ocrx_word' id='word_1_47' title='bbox 1558 707 1560 711; x_wconf 82' lang='lat'>.</span> 
     </span>
     <span class='ocr_line' id='line_1_6' title="bbox 48 741 1506 829; baseline 0.005 -25"><span class='ocrx_word' id='word_1_48' title='bbox 48 748 146 825; x_wconf 88' lang='lat' dir='ltr'>putat</span> <span class='ocrx_word' id='word_1_49' title='bbox 169 741 297 824; x_wconf 88' lang='lat' dir='ltr'>singula</span> <span class='ocrx_word' id='word_1_50' title='bbox 319 741 500 804; x_wconf 87' lang='lat' dir='ltr'>internodia</span> <span class='ocrx_word' id='word_1_51' title='bbox 523 743 726 822; x_wconf 86' lang='lat' dir='ltr'>navigiorum</span> <span class='ocrx_word' id='word_1_52' title='bbox 750 744 820 806; x_wconf 84' lang='lat' dir='ltr'>vice</span> <span class='ocrx_word' id='word_1_53' title='bbox 834 743 938 824; x_wconf 89' lang='lat' dir='ltr'>fungi,</span> <span class='ocrx_word' id='word_1_54' title='bbox 961 750 992 807; x_wconf 92' lang='lat' dir='ltr'>et</span> <span class='ocrx_word' id='word_1_55' title='bbox 1007 763 1080 806; x_wconf 91' lang='lat' dir='ltr'>curn</span> <span class='ocrx_word' id='word_1_56' title='bbox 1098 744 1197 807; x_wconf 86' lang='lat' dir='ltr'>adfert</span> <span class='ocrx_word' id='word_1_57' title='bbox 1212 745 1320 808; x_wconf 90' lang='lat' dir='ltr'>locum</span> <span class='ocrx_word' id='word_1_58' title='bbox 1344 747 1506 829; x_wconf 89' lang='lat' dir='ltr'>quendam</span> 
     </span>
     <span class='ocr_line' id='line_1_7' title="bbox 45 845 1510 937; baseline 0.003 -28"><span class='ocrx_word' id='word_1_59' title='bbox 45 845 227 925; x_wconf 88' lang='lat' dir='ltr'>Plethonis,</span> <span class='ocrx_word' id='word_1_60' title='bbox 259 864 354 928; x_wconf 91' lang='lat' dir='ltr'>quem</span> <span class='ocrx_word' id='word_1_61' title='bbox 378 864 419 907; x_wconf 86' lang='lat' dir='ltr'>ex</span> <span class='ocrx_word' id='word_1_62' title='bbox 441 845 654 927; x_wconf 81' lang='lat' dir='ltr'>Theophrasto</span> <span class='ocrx_word' id='word_1_63' title='bbox 685 846 764 909; x_wconf 88' lang='lat' dir='ltr'>haec</span> <span class='ocrx_word' id='word_1_64' title='bbox 793 849 991 930; x_wconf 88' lang='lat' dir='ltr'>excerpsisse</span> <span class='ocrx_word' id='word_1_65' title='bbox 1015 848 1108 910; x_wconf 89' lang='lat' dir='ltr'>dicit:</span> <span class='ocrx_word' id='word_1_66' title='bbox 1140 847 1309 932; x_wconf 82' lang='grc' dir='ltr'>,καλάμους</span> <span class='ocrx_word' id='word_1_67' title='bbox 1331 848 1397 921; x_wconf 77' lang='grc' dir='ltr'>τοὺς</span> <span class='ocrx_word' id='word_1_68' title='bbox 1421 852 1450 914; x_wconf 87' lang='grc' dir='ltr'>ἐν</span> <span class='ocrx_word' id='word_1_69' title='bbox 1472 856 1510 937; x_wconf 78' lang='grc' dir='ltr'>τῇ</span> 
     </span>
     <span class='ocr_line' id='line_1_8' title="bbox 39 946 1511 1040; baseline 0.003 -27"><span class='ocrx_word' id='word_1_70' title='bbox 39 947 137 1033; x_wconf 75' lang='lat' dir='ltr'>’ivatq</span> <span class='ocrx_word' id='word_1_71' title='bbox 159 947 300 1034; x_wconf 76' lang='grc' dir='ltr'>πάμπολύ</span> <span class='ocrx_word' id='word_1_72' title='bbox 322 965 349 1011; x_wconf 84' lang='grc' dir='ltr'>τι</span> <span class='ocrx_word' id='word_1_73' title='bbox 373 946 565 1035; x_wconf 80' lang='grc' dir='ltr'>ὑπερβάλλειν</span> <span class='ocrx_word' id='word_1_74' title='bbox 587 954 629 1034; x_wconf 80' lang='grc' dir='ltr'>τῷ</span> <span class='ocrx_word' id='word_1_75' title='bbox 649 949 769 1034; x_wconf 83' lang='grc' dir='ltr'>μεγέθει</span> <span class='ocrx_word' id='word_1_76' title='bbox 791 949 857 1021; x_wconf 61' lang='lat' dir='ltr'>rode</span> <span class='ocrx_word' id='word_1_77' title='bbox 880 951 1056 1034; x_wconf 78' lang='grc' dir='ltr'>ἑλληνικυυς,</span> <span class='ocrx_word' id='word_1_78' title='bbox 1080 947 1218 1015; x_wconf 78' lang='grc' dir='ltr'>ὥστεκαὶ</span> <span class='ocrx_word' id='word_1_79' title='bbox 1239 952 1268 1014; x_wconf 83' lang='grc' dir='ltr'>ἕν</span> <span class='ocrx_word' id='word_1_80' title='bbox 1284 951 1352 1036; x_wconf 88' lang='grc' dir='ltr'>γόνυ</span> <span class='ocrx_word' id='word_1_81' title='bbox 1368 953 1511 1040; x_wconf 80' lang='grc' dir='ltr'>καλάμων</span> 
     </span>
     <span class='ocr_line' id='line_1_9' title="bbox 42 1047 1515 1145; baseline 0.003 -28"><span class='ocrx_word' id='word_1_82' title='bbox 42 1060 102 1118; x_wconf 80' lang='grc' dir='ltr'>τῶν</span> <span class='ocrx_word' id='word_1_83' title='bbox 127 1054 192 1116; x_wconf 82' lang='grc' dir='ltr'>ἐκεῖ</span> <span class='ocrx_word' id='word_1_84' title='bbox 211 1052 284 1137; x_wconf 84' lang='grc' dir='ltr'>πρὸς</span> <span class='ocrx_word' id='word_1_85' title='bbox 312 1075 344 1115; x_wconf 91' lang='grc' dir='ltr'>τε</span> <span class='ocrx_word' id='word_1_86' title='bbox 367 1047 445 1115; x_wconf 87' lang='grc' dir='ltr'>άλλα</span> <span class='ocrx_word' id='word_1_87' title='bbox 474 1047 546 1116; x_wconf 65' lang='lat' dir='ltr'>dua</span> <span class='ocrx_word' id='word_1_88' title='bbox 578 1052 678 1136; x_wconf 79' lang='grc' dir='ltr'>ἱκανὴν</span> <span class='ocrx_word' id='word_1_89' title='bbox 707 1051 810 1140; x_wconf 82' lang='grc' dir='ltr'>χρείαν</span> <span class='ocrx_word' id='word_1_90' title='bbox 838 1054 1026 1142; x_wconf 76' lang='grc' dir='ltr'>παρέχεσθαι</span> <span class='ocrx_word' id='word_1_91' title='bbox 1056 1053 1106 1119; x_wconf 82' lang='grc' dir='ltr'>καὶ</span> <span class='ocrx_word' id='word_1_92' title='bbox 1136 1057 1236 1120; x_wconf 82' lang='grc' dir='ltr'>πλοῖον</span> <span class='ocrx_word' id='word_1_93' title='bbox 1265 1058 1295 1120; x_wconf 92' lang='grc' dir='ltr'>ἐν</span> <span class='ocrx_word' id='word_1_94' title='bbox 1324 1063 1366 1142; x_wconf 83' lang='grc' dir='ltr'>τῷ</span> <span class='ocrx_word' id='word_1_95' title='bbox 1390 1064 1515 1145; x_wconf 78' lang='grc' dir='ltr'>ποταμῷ</span> 
     </span>
     <span class='ocr_line' id='line_1_10' title="bbox 43 1157 1580 1244; baseline 0.006 -24"><span class='ocrx_word' id='word_1_96' title='bbox 43 1158 171 1234; x_wconf 62' lang='grc' dir='ltr'>ποιεῖν’,</span> <span class='ocrx_word' id='word_1_97' title='bbox 196 1176 238 1220; x_wconf 84' lang='lat' dir='ltr'>ex</span> <span class='ocrx_word' id='word_1_98' title='bbox 260 1158 310 1220; x_wconf 93' lang='lat' dir='ltr'>his</span> <span class='ocrx_word' id='word_1_99' title='bbox 332 1157 440 1221; x_wconf 90' lang='lat' dir='ltr'>verbis</span> <span class='ocrx_word' id='word_1_100' title='bbox 463 1158 615 1240; x_wconf 89' lang='lat' dir='ltr'>adparere</span> <span class='ocrx_word' id='word_1_101' title='bbox 638 1159 802 1223; x_wconf 84' lang='lat' dir='ltr'>contendit</span> <span class='ocrx_word' id='word_1_102' title='bbox 824 1161 858 1222; x_wconf 90' lang='lat' dir='ltr'>in</span> <span class='ocrx_word' id='word_1_103' title='bbox 880 1167 1033 1225; x_wconf 87' lang='lat' dir='ltr'>contextu</span> <span class='ocrx_word' id='word_1_104' title='bbox 1049 1159 1254 1244; x_wconf 89' lang='lat' dir='ltr'>Theophrasti</span> <span class='ocrx_word' id='word_1_105' title='bbox 1277 1162 1421 1226; x_wconf 92' lang='lat' dir='ltr'>hocloco</span> <span class='ocrx_word' id='word_1_106' title='bbox 1441 1184 1511 1228; x_wconf 91' lang='lat' dir='ltr'>esse</span> <span class='ocrx_word' id='word_1_107' title='bbox 1575 1175 1580 1181; x_wconf 85' lang='lat'>&#39;</span> 
     </span>
     <span class='ocr_line' id='line_1_11' title="bbox 47 1261 1510 1347; baseline 0.004 -22"><span class='ocrx_word' id='word_1_108' title='bbox 47 1263 213 1339; x_wconf 82' lang='lat' dir='ltr'>lacunam,</span> <span class='ocrx_word' id='word_1_109' title='bbox 247 1263 282 1324; x_wconf 93' lang='lat' dir='ltr'>in</span> <span class='ocrx_word' id='word_1_110' title='bbox 318 1282 382 1344; x_wconf 90' lang='lat' dir='ltr'>qua</span> <span class='ocrx_word' id='word_1_111' title='bbox 415 1262 492 1325; x_wconf 90' lang='lat' dir='ltr'>haec</span> <span class='ocrx_word' id='word_1_112' title='bbox 526 1263 715 1326; x_wconf 83' lang='lat' dir='ltr'>exstiterint.</span> <span class='ocrx_word' id='word_1_113' title='bbox 775 1261 936 1347; x_wconf 78' lang='lat' dir='ltr'>Equidem</span> <span class='ocrx_word' id='word_1_114' title='bbox 972 1263 1095 1345; x_wconf 90' lang='lat' dir='ltr'>dubito,</span> <span class='ocrx_word' id='word_1_115' title='bbox 1132 1284 1240 1328; x_wconf 90' lang='lat' dir='ltr'>nonne</span> <span class='ocrx_word' id='word_1_116' title='bbox 1274 1264 1387 1329; x_wconf 89' lang='lat' dir='ltr'>Pletho</span> <span class='ocrx_word' id='word_1_117' title='bbox 1431 1269 1510 1331; x_wconf 89' lang='lat' dir='ltr'>haec</span> 
     </span>
     <span class='ocr_line' id='line_1_12' title="bbox 45 1365 1509 1454; baseline 0.003 -25"><span class='ocrx_word' id='word_1_118' title='bbox 45 1365 182 1430; x_wconf 89' lang='lat' dir='ltr'>aliunde</span> <span class='ocrx_word' id='word_1_119' title='bbox 193 1371 294 1453; x_wconf 89' lang='lat' dir='ltr'>atque</span> <span class='ocrx_word' id='word_1_120' title='bbox 307 1384 349 1430; x_wconf 89' lang='lat' dir='ltr'>ex</span> <span class='ocrx_word' id='word_1_121' title='bbox 359 1365 571 1449; x_wconf 88' lang='lat' dir='ltr'>Theophrasto</span> <span class='ocrx_word' id='word_1_122' title='bbox 588 1367 770 1449; x_wconf 77' lang='lat' dir='ltr'>sumpserit,</span> <span class='ocrx_word' id='word_1_123' title='bbox 785 1387 859 1430; x_wconf 90' lang='lat' dir='ltr'>narn</span> <span class='ocrx_word' id='word_1_124' title='bbox 877 1374 960 1432; x_wconf 89' lang='lat' dir='ltr'>certe</span> <span class='ocrx_word' id='word_1_125' title='bbox 975 1369 1039 1430; x_wconf 87' lang='lat' dir='ltr'>iarn</span> <span class='ocrx_word' id='word_1_126' title='bbox 1052 1370 1138 1450; x_wconf 88' lang='lat' dir='ltr'>apud</span> <span class='ocrx_word' id='word_1_127' title='bbox 1151 1368 1350 1433; x_wconf 89' lang='lat' dir='ltr'>Herodotum</span> <span class='ocrx_word' id='word_1_128' title='bbox 1366 1371 1439 1454; x_wconf 87' lang='grc' dir='ltr'>(ΙΙΙ,</span> <span class='ocrx_word' id='word_1_129' title='bbox 1452 1373 1509 1437; x_wconf 89' lang='lat'>98:</span> 
     </span>
     <span class='ocr_line' id='line_1_13' title="bbox 43 1467 1512 1555; baseline 0.005 -22"><span class='ocrx_word' id='word_1_130' title='bbox 43 1468 204 1554; x_wconf 75' lang='grc' dir='ltr'>,καλάμου</span> <span class='ocrx_word' id='word_1_131' title='bbox 234 1467 267 1532; x_wconf 80' lang='grc' dir='ltr'>δὲ</span> <span class='ocrx_word' id='word_1_132' title='bbox 296 1469 328 1531; x_wconf 83' lang='grc' dir='ltr'>ἓν</span> <span class='ocrx_word' id='word_1_133' title='bbox 358 1468 427 1552; x_wconf 86' lang='grc' dir='ltr'>γόνυ</span> <span class='ocrx_word' id='word_1_134' title='bbox 455 1471 555 1533; x_wconf 86' lang='grc' dir='ltr'>πλοῖον</span> <span class='ocrx_word' id='word_1_135' title='bbox 579 1470 699 1534; x_wconf 78' lang='grc' dir='ltr'>ἕκαστον</span> <span class='ocrx_word' id='word_1_136' title='bbox 722 1472 880 1555; x_wconf 54' lang='lat' dir='ltr'>acrei-rod)</span> <span class='ocrx_word' id='word_1_137' title='bbox 911 1474 990 1536; x_wconf 86' lang='lat' dir='ltr'>haec</span> <span class='ocrx_word' id='word_1_138' title='bbox 1013 1492 1062 1536; x_wconf 86' lang='lat' dir='ltr'>res</span> <span class='ocrx_word' id='word_1_139' title='bbox 1086 1480 1359 1538; x_wconf 89' lang='lat' dir='ltr'>commemoratur.</span> <span class='ocrx_word' id='word_1_140' title='bbox 1405 1474 1512 1551; x_wconf 81' lang='lat' dir='ltr'>Quare</span> 
     </span>
     <span class='ocr_line' id='line_1_14' title="bbox 42 1573 1512 1661; baseline 0.003 -22"><span class='ocrx_word' id='word_1_141' title='bbox 42 1576 200 1639; x_wconf 88' lang='lat' dir='ltr'>lacunam</span> <span class='ocrx_word' id='word_1_142' title='bbox 236 1573 322 1657; x_wconf 89' lang='lat' dir='ltr'>apud</span> <span class='ocrx_word' id='word_1_143' title='bbox 356 1573 608 1658; x_wconf 90' lang='lat' dir='ltr'>Theophrastum</span> <span class='ocrx_word' id='word_1_144' title='bbox 651 1579 789 1638; x_wconf 88' lang='lat' dir='ltr'>statuere</span> <span class='ocrx_word' id='word_1_145' title='bbox 823 1595 889 1638; x_wconf 92' lang='lat' dir='ltr'>non</span> <span class='ocrx_word' id='word_1_146' title='bbox 924 1577 1028 1640; x_wconf 89' lang='lat' dir='ltr'>audeo</span> <span class='ocrx_word' id='word_1_147' title='bbox 1064 1596 1170 1659; x_wconf 90' lang='lat' dir='ltr'>neque</span> <span class='ocrx_word' id='word_1_148' title='bbox 1203 1585 1281 1661; x_wconf 89' lang='lat' dir='ltr'>puto</span> <span class='ocrx_word' id='word_1_149' title='bbox 1316 1578 1512 1643; x_wconf 89' lang='lat' dir='ltr'>vocabulum</span> 
     </span>
     <span class='ocr_line' id='line_1_15' title="bbox 41 1675 1513 1764; baseline 0.002 -21"><span class='ocrx_word' id='word_1_150' title='bbox 41 1675 234 1756; x_wconf 83' lang='grc' dir='ltr'>,,άκοντίοις“</span> <span class='ocrx_word' id='word_1_151' title='bbox 256 1679 372 1741; x_wconf 84' lang='lat' dir='ltr'>mutari</span> <span class='ocrx_word' id='word_1_152' title='bbox 395 1678 501 1758; x_wconf 91' lang='lat' dir='ltr'>licere,</span> <span class='ocrx_word' id='word_1_153' title='bbox 525 1678 612 1759; x_wconf 92' lang='lat' dir='ltr'>quod</span> <span class='ocrx_word' id='word_1_154' title='bbox 632 1677 807 1742; x_wconf 85' lang='lat' dir='ltr'>Salmasius</span> <span class='ocrx_word' id='word_1_155' title='bbox 831 1679 952 1758; x_wconf 78' lang='lat' dir='ltr'>voluit3</span> <span class='ocrx_word' id='word_1_156' title='bbox 976 1699 1048 1741; x_wconf 94' lang='lat' dir='ltr'>nam</span> <span class='ocrx_word' id='word_1_157' title='bbox 1074 1682 1108 1743; x_wconf 90' lang='lat' dir='ltr'>in</span> <span class='ocrx_word' id='word_1_158' title='bbox 1131 1683 1181 1762; x_wconf 83' lang='lat' dir='ltr'>iia,</span> <span class='ocrx_word' id='word_1_159' title='bbox 1206 1702 1289 1764; x_wconf 92' lang='lat' dir='ltr'>quae</span> <span class='ocrx_word' id='word_1_160' title='bbox 1308 1684 1513 1764; x_wconf 89' lang='lat' dir='ltr'>antecedunt,</span> 
     </span>
     <span class='ocr_line' id='line_1_16' title="bbox 50 1782 1039 1866; baseline -0.002 -19"><span class='ocrx_word' id='word_1_161' title='bbox 50 1784 186 1847; x_wconf 90' lang='lat' dir='ltr'>Plinius</span> <span class='ocrx_word' id='word_1_162' title='bbox 208 1785 278 1866; x_wconf 90' lang='lat' dir='ltr'>ipse</span> <span class='ocrx_word' id='word_1_163' title='bbox 301 1782 383 1844; x_wconf 89' lang='lat' dir='ltr'>dixit</span> <span class='ocrx_word' id='word_1_164' title='bbox 406 1782 545 1844; x_wconf 88' lang='lat' dir='ltr'>calamos</span> <span class='ocrx_word' id='word_1_165' title='bbox 567 1782 730 1844; x_wconf 89' lang='lat' dir='ltr'>hastarum</span> <span class='ocrx_word' id='word_1_166' title='bbox 753 1783 856 1846; x_wconf 87' lang='lat' dir='ltr'>vicem</span> <span class='ocrx_word' id='word_1_167' title='bbox 880 1782 1039 1866; x_wconf 90' lang='lat' dir='ltr'>praebere.</span> 
     </span>
    </p>
   </div>
   <div class='ocr_carea' id='block_1_3' title="bbox 10 1934 1527 4010">
    <p class='ocr_par' dir='ltr' id='par_1_3' title="bbox 10 1934 1527 4010">
     <span class='ocr_line' id='line_1_17' title="bbox 115 1934 1513 2009; baseline 0.004 -20"><span class='ocrx_word' id='word_1_168' title='bbox 115 1937 167 2006; x_wconf 90' lang='lat' dir='ltr'>IV,</span> <span class='ocrx_word' id='word_1_169' title='bbox 194 1941 302 2004; x_wconf 86' lang='grc'>11,10.</span> <span class='ocrx_word' id='word_1_170' title='bbox 347 1935 430 2009; x_wconf 83' lang='grc' dir='ltr'>Γένη</span> <span class='ocrx_word' id='word_1_171' title='bbox 456 1937 489 1990; x_wconf 77' lang='grc' dir='ltr'>δὲ</span> <span class='ocrx_word' id='word_1_172' title='bbox 514 1934 544 1991; x_wconf 76' lang='lat' dir='ltr'>oi</span> <span class='ocrx_word' id='word_1_173' title='bbox 568 1942 652 1991; x_wconf 79' lang='grc' dir='ltr'>ταῦτα</span> <span class='ocrx_word' id='word_1_174' title='bbox 676 1935 754 2008; x_wconf 83' lang='grc' dir='ltr'>μόνον</span> <span class='ocrx_word' id='word_1_175' title='bbox 879 1940 976 2005; x_wconf 61' lang='lat' dir='ltr'>§lde</span> <span class='ocrx_word' id='word_1_176' title='bbox 1012 1937 1116 1991; x_wconf 90' lang='lat' dir='ltr'>Plura</span> <span class='ocrx_word' id='word_1_177' title='bbox 1138 1943 1253 1992; x_wconf 89' lang='lat' dir='ltr'>autern</span> <span class='ocrx_word' id='word_1_178' title='bbox 1274 1954 1402 2007; x_wconf 89' lang='lat' dir='ltr'>genera.</span> <span class='ocrx_word' id='word_1_179' title='bbox 1443 1939 1513 1994; x_wconf 90' lang='lat' dir='ltr'>alia</span> 
     </span>
     <span class='ocr_line' id='line_1_18' title="bbox 19 2016 1511 2098; baseline -0.001 -16"><span class='ocrx_word' id='word_1_180' title='bbox 19 2016 135 2083; x_wconf 70' lang='grc' dir='ltr'>Ιἀλλὰ</span> <span class='ocrx_word' id='word_1_181' title='bbox 153 2025 258 2079; x_wconf 83' lang='grc' dir='ltr'>πλείω</span> <span class='ocrx_word' id='word_1_182' title='bbox 282 2028 329 2078; x_wconf 78' lang='grc' dir='ltr'>τοῦ</span> <span class='ocrx_word' id='word_1_183' title='bbox 347 2021 467 2094; x_wconf 79' lang='grc' dir='ltr'>καλάμου</span> <span class='ocrx_word' id='word_1_184' title='bbox 486 2021 614 2098; x_wconf 82' lang='grc' dir='ltr'>τυγχάνει,</span> <span class='ocrx_word' id='word_1_185' title='bbox 641 2021 754 2097; x_wconf 78' lang='grc' dir='ltr'>φανερὰς</span> <span class='ocrx_word' id='word_1_186' title='bbox 808 2023 961 2092; x_wconf 85' lang='lat' dir='ltr'>spissior</span> <span class='ocrx_word' id='word_1_187' title='bbox 989 2024 1203 2093; x_wconf 85' lang='lat' dir='ltr'>densiorque</span> <span class='ocrx_word' id='word_1_188' title='bbox 1228 2025 1423 2094; x_wconf 78' lang='lat' dir='ltr'>geniculiS,</span> <span class='ocrx_word' id='word_1_189' title='bbox 1451 2026 1511 2080; x_wconf 87' lang='lat' dir='ltr'>bre·</span> 
     </span>
     <span class='ocr_line' id='line_1_19' title="bbox 40 2108 1512 2192; baseline -0.001 -22"><span class='ocrx_word' id='word_1_190' title='bbox 40 2117 145 2192; x_wconf 81' lang='grc' dir='ltr'>ἔχοντα</span> <span class='ocrx_word' id='word_1_191' title='bbox 171 2117 205 2186; x_wconf 69' lang='grc' dir='ltr'>τῇ</span> <span class='ocrx_word' id='word_1_192' title='bbox 233 2108 351 2182; x_wconf 70' lang='grc' dir='ltr'>αἰσθήσει</span> <span class='ocrx_word' id='word_1_193' title='bbox 379 2109 512 2184; x_wconf 74' lang='grc' dir='ltr'>διαφορὰς.</span> <span class='ocrx_word' id='word_1_194' title='bbox 552 2108 585 2165; x_wconf 82' lang='lat' dir='ltr'>‘u</span> <span class='ocrx_word' id='word_1_195' title='bbox 611 2114 668 2182; x_wconf 89' lang='grc' dir='ltr'>μὲν</span> <span class='ocrx_word' id='word_1_196' title='bbox 693 2109 752 2184; x_wconf 85' lang='grc' dir='ltr'>γὰρ</span> <span class='ocrx_word' id='word_1_197' title='bbox 806 2110 888 2164; x_wconf 79' lang='lat' dir='ltr'>ribus</span> <span class='ocrx_word' id='word_1_198' title='bbox 915 2111 1090 2177; x_wconf 84' lang='lat' dir='ltr'>internodiis,</span> <span class='ocrx_word' id='word_1_199' title='bbox 1119 2111 1188 2164; x_wconf 88' lang='lat' dir='ltr'>alia</span> <span class='ocrx_word' id='word_1_200' title='bbox 1215 2113 1329 2165; x_wconf 89' lang='lat' dir='ltr'>rarior</span> <span class='ocrx_word' id='word_1_201' title='bbox 1356 2113 1512 2180; x_wconf 69' lang='lat' dir='ltr'>maioribus</span> 
     </span>
     <span class='ocr_line' id='line_1_20' title="bbox 38 2196 1513 2271; baseline -0.001 -15"><span class='ocrx_word' id='word_1_202' title='bbox 38 2198 175 2260; x_wconf 81' lang='grc' dir='ltr'>πυκνὸς</span> <span class='ocrx_word' id='word_1_203' title='bbox 198 2199 254 2252; x_wconf 82' lang='grc' dir='ltr'>καὶ</span> <span class='ocrx_word' id='word_1_204' title='bbox 271 2202 309 2271; x_wconf 73' lang='grc' dir='ltr'>τῇ</span> <span class='ocrx_word' id='word_1_205' title='bbox 328 2200 428 2270; x_wconf 83' lang='grc' dir='ltr'>σαρκὶ</span> <span class='ocrx_word' id='word_1_206' title='bbox 445 2196 752 2271; x_wconf 80' lang='grc' dir='ltr'>καὶτοῖςγόνααιν,</span> <span class='ocrx_word' id='word_1_207' title='bbox 806 2198 1016 2266; x_wconf 88' lang='lat' dir='ltr'>tenuiorque</span> <span class='ocrx_word' id='word_1_208' title='bbox 1045 2200 1079 2250; x_wconf 93' lang='lat' dir='ltr'>et</span> <span class='ocrx_word' id='word_1_209' title='bbox 1105 2197 1190 2266; x_wconf 87' lang='lat' dir='ltr'>ipsa.</span> <span class='ocrx_word' id='word_1_210' title='bbox 1244 2197 1397 2252; x_wconf 86' lang='lat' dir='ltr'>calamus</span> <span class='ocrx_word' id='word_1_211' title='bbox 1432 2215 1513 2254; x_wconf 87' lang='lat' dir='ltr'>vero</span> 
     </span>
     <span class='ocr_line' id='line_1_21' title="bbox 37 2281 1514 2358; baseline -0.003 -14"><span class='ocrx_word' id='word_1_212' title='bbox 37 2286 113 2344; x_wconf 80' lang='grc' dir='ltr'>ὅδὲ</span> <span class='ocrx_word' id='word_1_213' title='bbox 138 2284 241 2358; x_wconf 82' lang='grc' dir='ltr'>μανὸς</span> <span class='ocrx_word' id='word_1_214' title='bbox 264 2287 309 2338; x_wconf 85' lang='grc' dir='ltr'>καὶ</span> <span class='ocrx_word' id='word_1_215' title='bbox 334 2281 547 2356; x_wconf 83' lang='grc' dir='ltr'>ὀλιγόνατος·</span> <span class='ocrx_word' id='word_1_216' title='bbox 573 2287 630 2339; x_wconf 83' lang='grc' dir='ltr'>καὶ</span> <span class='ocrx_word' id='word_1_217' title='bbox 655 2282 668 2338; x_wconf 84' lang='grc' dir='ltr'>ὁ</span> <span class='ocrx_word' id='word_1_218' title='bbox 695 2287 752 2356; x_wconf 85' lang='grc' dir='ltr'>μὲν</span> <span class='ocrx_word' id='word_1_219' title='bbox 806 2285 898 2337; x_wconf 90' lang='lat' dir='ltr'>alius</span> <span class='ocrx_word' id='word_1_220' title='bbox 925 2286 1022 2338; x_wconf 90' lang='lat' dir='ltr'>totus</span> <span class='ocrx_word' id='word_1_221' title='bbox 1047 2300 1234 2352; x_wconf 79' lang='lat' dir='ltr'>concavos,</span> <span class='ocrx_word' id='word_1_222' title='bbox 1262 2301 1360 2353; x_wconf 89' lang='lat' dir='ltr'>quem</span> <span class='ocrx_word' id='word_1_223' title='bbox 1387 2290 1514 2341; x_wconf 88' lang='lat' dir='ltr'>vocant</span> 
     </span>
     <span class='ocr_line' id='line_1_22' title="bbox 36 2368 1513 2445; baseline -0.002 -16"><span class='ocrx_word' id='word_1_224' title='bbox 36 2375 179 2438; x_wconf 83' lang='grc' dir='ltr'>κόῖλυς,</span> <span class='ocrx_word' id='word_1_225' title='bbox 213 2368 248 2426; x_wconf 69' lang='lat' dir='ltr'>ia</span> <span class='ocrx_word' id='word_1_226' title='bbox 275 2371 419 2425; x_wconf 80' lang='grc' dir='ltr'>καλοῦσί</span> <span class='ocrx_word' id='word_1_227' title='bbox 445 2391 536 2431; x_wconf 81' lang='grc' dir='ltr'>τινες</span> <span class='ocrx_word' id='word_1_228' title='bbox 564 2372 753 2445; x_wconf 84' lang='grc' dir='ltr'>ουριγγίαν·</span> <span class='ocrx_word' id='word_1_229' title='bbox 807 2371 1005 2438; x_wconf 80' lang='lat' dir='ltr'>syringion,</span> <span class='ocrx_word' id='word_1_230' title='bbox 1030 2370 1194 2424; x_wconf 86' lang='lat' dir='ltr'>utilissimus</span> <span class='ocrx_word' id='word_1_231' title='bbox 1218 2371 1329 2439; x_wconf 80' lang='lat' dir='ltr'>fistuliS,</span> <span class='ocrx_word' id='word_1_232' title='bbox 1352 2374 1513 2440; x_wconf 86' lang='lat' dir='ltr'>quoniam</span> 
     </span>
     <span class='ocr_line' id='line_1_23' title="bbox 37 2455 1512 2532; baseline -0.003 -14"><span class='ocrx_word' id='word_1_233' title='bbox 37 2459 149 2518; x_wconf 71' lang='grc' dir='ltr'>οὐδὲν</span> <span class='ocrx_word' id='word_1_234' title='bbox 176 2457 237 2532; x_wconf 78' lang='grc' dir='ltr'>γάρ</span> <span class='ocrx_word' id='word_1_235' title='bbox 267 2455 304 2518; x_wconf 79' lang='grc' dir='ltr'>ὡς</span> <span class='ocrx_word' id='word_1_236' title='bbox 332 2459 440 2521; x_wconf 74' lang='grc' dir='ltr'>εἰπεῖν</span> <span class='ocrx_word' id='word_1_237' title='bbox 469 2459 542 2532; x_wconf 80' lang='grc' dir='ltr'>ἔχει</span> <span class='ocrx_word' id='word_1_238' title='bbox 571 2457 669 2519; x_wconf 72' lang='grc' dir='ltr'>ξύλου</span> <span class='ocrx_word' id='word_1_239' title='bbox 699 2460 755 2511; x_wconf 84' lang='grc' dir='ltr'>καὶ</span> <span class='ocrx_word' id='word_1_240' title='bbox 808 2455 1256 2525; x_wconf 86' lang='lat' dir='ltr'>nihilcstcicartilaginis</span> <span class='ocrx_word' id='word_1_241' title='bbox 1275 2460 1372 2527; x_wconf 86' lang='lat' dir='ltr'>atque</span> <span class='ocrx_word' id='word_1_242' title='bbox 1391 2459 1512 2513; x_wconf 88' lang='lat' dir='ltr'>carnis.</span> 
     </span>
     <span class='ocr_line' id='line_1_24' title="bbox 37 2541 1512 2622; baseline -0.001 -21"><span class='ocrx_word' id='word_1_243' title='bbox 37 2544 191 2622; x_wconf 81' lang='grc' dir='ltr'>σαρκός·</span> <span class='ocrx_word' id='word_1_244' title='bbox 218 2543 232 2599; x_wconf 82' lang='grc' dir='ltr'><em>ὃ</em></span> <span class='ocrx_word' id='word_1_245' title='bbox 258 2546 289 2600; x_wconf 78' lang='grc' dir='ltr'>δὲ</span> <span class='ocrx_word' id='word_1_246' title='bbox 313 2543 449 2617; x_wconf 79' lang='grc' dir='ltr'>στερεὸς</span> <span class='ocrx_word' id='word_1_247' title='bbox 474 2547 530 2598; x_wconf 86' lang='grc' dir='ltr'>καὶ</span> <span class='ocrx_word' id='word_1_248' title='bbox 556 2542 755 2617; x_wconf 71' lang='grc' dir='ltr'>αυμπλήρης</span> <span class='ocrx_word' id='word_1_249' title='bbox 809 2541 1004 2596; x_wconf 89' lang='lat' dir='ltr'>Orchomenius</span> <span class='ocrx_word' id='word_1_250' title='bbox 1028 2546 1070 2598; x_wconf 90' lang='lat' dir='ltr'>est</span> <span class='ocrx_word' id='word_1_251' title='bbox 1088 2543 1216 2597; x_wconf 91' lang='lat' dir='ltr'>continuo</span> <span class='ocrx_word' id='word_1_252' title='bbox 1239 2544 1367 2597; x_wconf 87' lang='lat' dir='ltr'>foramine</span> <span class='ocrx_word' id='word_1_253' title='bbox 1392 2546 1512 2613; x_wconf 88' lang='lat' dir='ltr'>pervius,</span> 
     </span>
     <span class='ocr_line' id='line_1_25' title="bbox 36 2627 1513 2710; baseline -0.003 -20"><span class='ocrx_word' id='word_1_254' title='bbox 36 2637 185 2710; x_wconf 82' lang='grc' dir='ltr'>μικροῦ.</span> <span class='ocrx_word' id='word_1_255' title='bbox 229 2629 294 2686; x_wconf 84' lang='grc' dir='ltr'>Καὶ</span> <span class='ocrx_word' id='word_1_256' title='bbox 319 2628 332 2685; x_wconf 83' lang='grc' dir='ltr'>ὁ</span> <span class='ocrx_word' id='word_1_257' title='bbox 357 2634 411 2703; x_wconf 85' lang='grc' dir='ltr'>μὲν</span> <span class='ocrx_word' id='word_1_258' title='bbox 437 2630 578 2707; x_wconf 74' lang='grc' dir='ltr'>βραχὺς,</span> <span class='ocrx_word' id='word_1_259' title='bbox 608 2629 620 2686; x_wconf 80' lang='lat' dir='ltr'>h</span> <span class='ocrx_word' id='word_1_260' title='bbox 645 2632 678 2685; x_wconf 84' lang='grc' dir='ltr'>δὲ</span> <span class='ocrx_word' id='word_1_261' title='bbox 704 2627 756 2684; x_wconf 73' lang='lat' dir='ltr'>ed·</span> <span class='ocrx_word' id='word_1_262' title='bbox 810 2645 889 2696; x_wconf 68' lang='lat' dir='ltr'>[quem</span> <span class='ocrx_word' id='word_1_263' title='bbox 917 2629 1051 2684; x_wconf 87' lang='lat' dir='ltr'>auleticon</span> <span class='ocrx_word' id='word_1_264' title='bbox 1080 2632 1184 2684; x_wconf 78' lang='lat' dir='ltr'>vocant.</span> <span class='ocrx_word' id='word_1_265' title='bbox 1229 2631 1275 2683; x_wconf 91' lang='lat' dir='ltr'>hic</span> <span class='ocrx_word' id='word_1_266' title='bbox 1303 2631 1382 2685; x_wconf 90' lang='lat' dir='ltr'>tibiis</span> <span class='ocrx_word' id='word_1_267' title='bbox 1411 2633 1513 2700; x_wconf 88' lang='lat' dir='ltr'>utilior,</span> 
     </span>
     <span class='ocr_line' id='line_1_26' title="bbox 36 2715 984 2794; baseline -0.005 -20"><span class='ocrx_word' id='word_1_268' title='bbox 36 2720 152 2794; x_wconf 74' lang='grc' dir='ltr'>αυξὴς</span> <span class='ocrx_word' id='word_1_269' title='bbox 178 2720 235 2773; x_wconf 83' lang='grc' dir='ltr'>καὶ</span> <span class='ocrx_word' id='word_1_270' title='bbox 262 2715 392 2792; x_wconf 76' lang='grc' dir='ltr'>ὑψηλὸς</span> <span class='ocrx_word' id='word_1_271' title='bbox 421 2721 481 2773; x_wconf 87' lang='grc' dir='ltr'>καὶ</span> <span class='ocrx_word' id='word_1_272' title='bbox 507 2715 625 2794; x_wconf 75' lang='grc' dir='ltr'>παχάς.</span> <span class='ocrx_word' id='word_1_273' title='bbox 670 2715 701 2772; x_wconf 84' lang='grc' dir='ltr'><em>Ὃ</em></span> <span class='ocrx_word' id='word_1_274' title='bbox 729 2719 757 2772; x_wconf 81' lang='grc' dir='ltr'>δὲ</span> <span class='ocrx_word' id='word_1_275' title='bbox 809 2715 909 2769; x_wconf 81' lang='lat' dir='ltr'>fistulis</span> <span class='ocrx_word' id='word_1_276' title='bbox 928 2716 984 2769; x_wconf 90' lang='grc'>1118.</span> 
     </span>
     <span class='ocr_line' id='line_1_27' title="bbox 35 2802 1514 2880; baseline 0 -20"><span class='ocrx_word' id='word_1_277' title='bbox 35 2812 141 2868; x_wconf 79' lang='grc' dir='ltr'>λεπτος</span> <span class='ocrx_word' id='word_1_278' title='bbox 166 2807 211 2860; x_wconf 76' lang='grc' dir='ltr'>καὶ</span> <span class='ocrx_word' id='word_1_279' title='bbox 234 2803 406 2879; x_wconf 77' lang='grc' dir='ltr'>πολύφυλλος,</span> <span class='ocrx_word' id='word_1_280' title='bbox 431 2802 444 2858; x_wconf 85' lang='grc' dir='ltr'>ὁ</span> <span class='ocrx_word' id='word_1_281' title='bbox 468 2807 496 2861; x_wconf 79' lang='grc' dir='ltr'>δὲ</span> <span class='ocrx_word' id='word_1_282' title='bbox 521 2803 688 2880; x_wconf 80' lang='grc' dir='ltr'>ὀλιγόφυλλυς</span> <span class='ocrx_word' id='word_1_283' title='bbox 710 2807 756 2859; x_wconf 87' lang='grc' dir='ltr'>καὶ</span> <span class='ocrx_word' id='word_1_284' title='bbox 878 2804 893 2870; x_wconf 68' lang='grc' dir='ltr'><strong>ξ</strong></span> <span class='ocrx_word' id='word_1_285' title='bbox 914 2809 972 2861; x_wconf 86' lang='grc'>165.</span> <span class='ocrx_word' id='word_1_286' title='bbox 1008 2803 1069 2857; x_wconf 83' lang='grc'>1181</span> <span class='ocrx_word' id='word_1_287' title='bbox 1095 2803 1188 2857; x_wconf 83' lang='lat' dir='ltr'>alius</span> <span class='ocrx_word' id='word_1_288' title='bbox 1216 2805 1391 2858; x_wconf 87' lang='lat' dir='ltr'>crassiore</span> <span class='ocrx_word' id='word_1_289' title='bbox 1420 2805 1514 2874; x_wconf 87' lang='lat' dir='ltr'>ligno</span> 
     </span>
     <span class='ocr_line' id='line_1_28' title="bbox 37 2888 1514 2970; baseline -0.002 -21"><span class='ocrx_word' id='word_1_290' title='bbox 37 2893 221 2970; x_wconf 80' lang='grc' dir='ltr'>μονόφυλλυς.</span> <span class='ocrx_word' id='word_1_291' title='bbox 256 2888 345 2951; x_wconf 79' lang='grc' dir='ltr'>Ὅλως</span> <span class='ocrx_word' id='word_1_292' title='bbox 370 2894 397 2946; x_wconf 79' lang='grc' dir='ltr'>δὲ</span> <span class='ocrx_word' id='word_1_293' title='bbox 420 2894 515 2947; x_wconf 84' lang='grc' dir='ltr'>πολλαί</span> <span class='ocrx_word' id='word_1_294' title='bbox 539 2896 606 2954; x_wconf 80' lang='grc' dir='ltr'>τινές</span> <span class='ocrx_word' id='word_1_295' title='bbox 631 2894 678 2946; x_wconf 73' lang='grc' dir='ltr'>εἰσι</span> <span class='ocrx_word' id='word_1_296' title='bbox 702 2893 755 2945; x_wconf 80' lang='grc' dir='ltr'>δια·</span> <span class='ocrx_word' id='word_1_297' title='bbox 808 2894 841 2942; x_wconf 85' lang='grc'>81</span> <span class='ocrx_word' id='word_1_298' title='bbox 863 2891 964 2943; x_wconf 85' lang='lat' dir='ltr'>tenui</span> <span class='ocrx_word' id='word_1_299' title='bbox 986 2891 1160 2943; x_wconf 85' lang='lat' dir='ltr'>foramine.</span> <span class='ocrx_word' id='word_1_300' title='bbox 1201 2891 1274 2944; x_wconf 86' lang='lat' dir='ltr'>huno</span> <span class='ocrx_word' id='word_1_301' title='bbox 1297 2893 1385 2944; x_wconf 77' lang='lat' dir='ltr'>totum</span> <span class='ocrx_word' id='word_1_302' title='bbox 1402 2893 1514 2962; x_wconf 81' lang='lat' dir='ltr'>fungosa</span> 
     </span>
     <span class='ocr_line' id='line_1_29' title="bbox 34 2975 1527 3060; baseline -0.005 -22"><span class='ocrx_word' id='word_1_303' title='bbox 34 2985 126 3060; x_wconf 71' lang='lat' dir='ltr'>poponi</span> <span class='ocrx_word' id='word_1_304' title='bbox 144 2979 215 3035; x_wconf 82' lang='grc' dir='ltr'>κατὰ</span> <span class='ocrx_word' id='word_1_305' title='bbox 232 2977 279 3040; x_wconf 79' lang='grc' dir='ltr'>τάς</span> <span class='ocrx_word' id='word_1_306' title='bbox 299 2978 386 3054; x_wconf 78' lang='grc' dir='ltr'>φάσεις</span> <span class='ocrx_word' id='word_1_307' title='bbox 404 2981 448 3034; x_wconf 84' lang='grc' dir='ltr'>καὶ</span> <span class='ocrx_word' id='word_1_308' title='bbox 464 2978 510 3039; x_wconf 82' lang='grc' dir='ltr'>τάς</span> <span class='ocrx_word' id='word_1_309' title='bbox 525 2981 627 3055; x_wconf 77' lang='grc' dir='ltr'>χρείας·</span> <span class='ocrx_word' id='word_1_310' title='bbox 648 2981 755 3038; x_wconf 80' lang='grc' dir='ltr'>ἕκαστος</span> <span class='ocrx_word' id='word_1_311' title='bbox 807 2975 891 3043; x_wconf 83' lang='lat' dir='ltr'>replet</span> <span class='ocrx_word' id='word_1_312' title='bbox 924 2975 1047 3028; x_wconf 85' lang='lat' dir='ltr'>medulla.</span> <span class='ocrx_word' id='word_1_313' title='bbox 1101 2976 1193 3030; x_wconf 86' lang='lat' dir='ltr'>alius</span> <span class='ocrx_word' id='word_1_314' title='bbox 1228 2976 1382 3044; x_wconf 85' lang='lat' dir='ltr'>brevior,</span> <span class='ocrx_word' id='word_1_315' title='bbox 1419 2978 1527 3059; x_wconf 25' lang='lat' dir='ltr'>atius*</span> 
     </span>
     <span class='ocr_line' id='line_1_30' title="bbox 31 3061 1513 3146; baseline -0.003 -24"><span class='ocrx_word' id='word_1_316' title='bbox 31 3072 90 3146; x_wconf 75' lang='grc' dir='ltr'>γὰρ</span> <span class='ocrx_word' id='word_1_317' title='bbox 111 3066 179 3142; x_wconf 85' lang='grc' dir='ltr'>πρὸς</span> <span class='ocrx_word' id='word_1_318' title='bbox 197 3068 295 3121; x_wconf 62' lang='grc' dir='ltr'>ἕκαστοι</span> <span class='ocrx_word' id='word_1_319' title='bbox 313 3064 448 3141; x_wconf 70' lang='grc' dir='ltr'>χρήσιμος.</span> <span class='ocrx_word' id='word_1_320' title='bbox 807 3062 999 3130; x_wconf 88' lang='lat' dir='ltr'>procerior,</span> <span class='ocrx_word' id='word_1_321' title='bbox 1018 3061 1145 3115; x_wconf 86' lang='lat' dir='ltr'>exilior</span> <span class='ocrx_word' id='word_1_322' title='bbox 1162 3064 1386 3130; x_wconf 88' lang='lat' dir='ltr'>crassiorque.</span> <span class='ocrx_word' id='word_1_323' title='bbox 1412 3065 1513 3117; x_wconf 85' lang='lat' dir='ltr'>fruti-</span> 
     </span>
     <span class='ocr_line' id='line_1_31' title="bbox 115 3148 1514 3226; baseline -0.004 -17"><span class='ocrx_word' id='word_1_324' title='bbox 115 3158 161 3214; x_wconf 88' lang='lat'>11.</span> <span class='ocrx_word' id='word_1_325' title='bbox 203 3148 329 3225; x_wconf 71' lang='grc' dir='ltr'>’θνόμαυι</span> <span class='ocrx_word' id='word_1_326' title='bbox 363 3155 391 3207; x_wconf 72' lang='grc' dir='ltr'>δὲ</span> <span class='ocrx_word' id='word_1_327' title='bbox 424 3149 498 3207; x_wconf 78' lang='grc' dir='ltr'>ἄλλοι</span> <span class='ocrx_word' id='word_1_328' title='bbox 532 3148 620 3212; x_wconf 79' lang='grc' dir='ltr'>ἄλλοις</span> <span class='ocrx_word' id='word_1_329' title='bbox 657 3171 754 3226; x_wconf 72' lang='lat' dir='ltr'>aporu-</span> <span class='ocrx_word' id='word_1_330' title='bbox 808 3149 1229 3216; x_wconf 75' lang='lat' dir='ltr'>coaissimuS,quivocatur</span> <span class='ocrx_word' id='word_1_331' title='bbox 1249 3151 1514 3218; x_wconf 88' lang='lat' dir='ltr'>donax,nonnisi</span> 
     </span>
     <span class='ocr_line' id='line_1_32' title="bbox 32 3234 1515 3320; baseline -0.004 -22"><span class='ocrx_word' id='word_1_332' title='bbox 32 3239 198 3320; x_wconf 79' lang='grc' dir='ltr'>γορεάουσι·</span> <span class='ocrx_word' id='word_1_333' title='bbox 216 3236 366 3294; x_wconf 83' lang='grc' dir='ltr'>κοινότατον</span> <span class='ocrx_word' id='word_1_334' title='bbox 387 3241 414 3294; x_wconf 77' lang='grc' dir='ltr'>δὲ</span> <span class='ocrx_word' id='word_1_335' title='bbox 432 3237 650 3300; x_wconf 75' lang='grc' dir='ltr'>πωςὸὸόναξ·</span> <span class='ocrx_word' id='word_1_336' title='bbox 670 3234 698 3292; x_wconf 81' lang='grc' dir='ltr'>ὅν</span> <span class='ocrx_word' id='word_1_337' title='bbox 711 3240 755 3292; x_wconf 87' lang='grc' dir='ltr'>καὶ</span> <span class='ocrx_word' id='word_1_338' title='bbox 808 3239 843 3291; x_wconf 92' lang='lat' dir='ltr'>in</span> <span class='ocrx_word' id='word_1_339' title='bbox 875 3235 1054 3305; x_wconf 90' lang='lat' dir='ltr'>aquaticis</span> <span class='ocrx_word' id='word_1_340' title='bbox 1085 3240 1200 3302; x_wconf 87' lang='lat' dir='ltr'>natus,</span> <span class='ocrx_word' id='word_1_341' title='bbox 1236 3237 1362 3304; x_wconf 90' lang='lat' dir='ltr'>quoniam</span> <span class='ocrx_word' id='word_1_342' title='bbox 1393 3241 1420 3290; x_wconf 90' lang='lat' dir='ltr'>et</span> <span class='ocrx_word' id='word_1_343' title='bbox 1449 3238 1515 3293; x_wconf 89' lang='lat' dir='ltr'>haec</span> 
     </span>
     <span class='ocr_line' id='line_1_33' title="bbox 28 3321 1515 3405; baseline -0.002 -24"><span class='ocrx_word' id='word_1_344' title='bbox 28 3323 463 3405; x_wconf 82' lang='grc' dir='ltr'>λοχμωδέστατόντέιρααιυ</span> <span class='ocrx_word' id='word_1_345' title='bbox 478 3324 756 3398; x_wconf 79' lang='grc' dir='ltr'>εἷναικαὶμάλιστα</span> <span class='ocrx_word' id='word_1_346' title='bbox 810 3325 962 3378; x_wconf 84' lang='lat' dir='ltr'>differentia</span> <span class='ocrx_word' id='word_1_347' title='bbox 991 3328 1033 3377; x_wconf 92' lang='grc'>881</span> <span class='ocrx_word' id='word_1_348' title='bbox 1061 3326 1177 3378; x_wconf 89' lang='lat' dir='ltr'>multum</span> <span class='ocrx_word' id='word_1_349' title='bbox 1215 3321 1330 3391; x_wconf 81' lang='lat' dir='ltr'>praelata</span> <span class='ocrx_word' id='word_1_350' title='bbox 1364 3323 1515 3378; x_wconf 87' lang='lat' dir='ltr'>harundine</span> 
     </span>
     <span class='ocr_line' id='line_1_34' title="bbox 32 3409 1194 3494; baseline -0.005 -25"><span class='ocrx_word' id='word_1_351' title='bbox 32 3413 201 3494; x_wconf 70' lang='grc' dir='ltr'>φύεσθαι</span> <span class='ocrx_word' id='word_1_352' title='bbox 223 3411 408 3485; x_wconf 79' lang='grc' dir='ltr'>παρὰτυθς</span> <span class='ocrx_word' id='word_1_353' title='bbox 426 3411 601 3485; x_wconf 80' lang='grc' dir='ltr'>ποταμοὺς</span> <span class='ocrx_word' id='word_1_354' title='bbox 624 3409 757 3472; x_wconf 81' lang='grc' dir='ltr'>καὶτὰς</span> <span class='ocrx_word' id='word_1_355' title='bbox 810 3427 878 3479; x_wconf 83' lang='lat' dir='ltr'>quae</span> <span class='ocrx_word' id='word_1_356' title='bbox 897 3411 926 3464; x_wconf 88' lang='lat' dir='ltr'>in</span> <span class='ocrx_word' id='word_1_357' title='bbox 945 3411 1027 3464; x_wconf 86' lang='lat' dir='ltr'>siccis</span> <span class='ocrx_word' id='word_1_358' title='bbox 1047 3411 1194 3478; x_wconf 86' lang='lat' dir='ltr'>proveniat.</span> 
     </span>
     <span class='ocr_line' id='line_1_35' title="bbox 31 3494 1515 3576; baseline -0.003 -21"><span class='ocrx_word' id='word_1_359' title='bbox 31 3494 189 3576; x_wconf 82' lang='grc' dir='ltr'>λίμνας.Ι</span> <span class='ocrx_word' id='word_1_360' title='bbox 217 3498 354 3574; x_wconf 81' lang='grc' dir='ltr'>Διαφέρειν</span> <span class='ocrx_word' id='word_1_361' title='bbox 378 3501 405 3554; x_wconf 76' lang='grc' dir='ltr'>δὲ</span> <span class='ocrx_word' id='word_1_362' title='bbox 430 3500 525 3561; x_wconf 82' lang='grc' dir='ltr'>παντὸς</span> <span class='ocrx_word' id='word_1_363' title='bbox 547 3497 668 3572; x_wconf 77' lang='grc' dir='ltr'>καλάμου</span> <span class='ocrx_word' id='word_1_364' title='bbox 691 3498 757 3552; x_wconf 74' lang='grc' dir='ltr'>πολὺ</span> <span class='ocrx_word' id='word_1_365' title='bbox 881 3501 895 3567; x_wconf 66' lang='grc' dir='ltr'><strong>ἓ</strong></span> <span class='ocrx_word' id='word_1_366' title='bbox 933 3504 992 3556; x_wconf 85' lang='grc'>166,</span> <span class='ocrx_word' id='word_1_367' title='bbox 1045 3498 1148 3551; x_wconf 81' lang='lat' dir='ltr'>Suum</span> <span class='ocrx_word' id='word_1_368' title='bbox 1183 3512 1291 3565; x_wconf 90' lang='lat' dir='ltr'>genus</span> <span class='ocrx_word' id='word_1_369' title='bbox 1327 3496 1515 3565; x_wconf 85' lang='lat' dir='ltr'>sagittario</span> 
     </span>
     <span class='ocr_line' id='line_1_36' title="bbox 33 3583 1515 3660; baseline -0.004 -16"><span class='ocrx_word' id='word_1_370' title='bbox 33 3590 90 3648; x_wconf 72' lang='grc' dir='ltr'>τόν</span> <span class='ocrx_word' id='word_1_371' title='bbox 110 3608 142 3642; x_wconf 81' lang='grc' dir='ltr'>τε</span> <span class='ocrx_word' id='word_1_372' title='bbox 162 3587 190 3640; x_wconf 81' lang='grc' dir='ltr'>ἐν</span> <span class='ocrx_word' id='word_1_373' title='bbox 208 3591 246 3660; x_wconf 78' lang='grc' dir='ltr'>τῷ</span> <span class='ocrx_word' id='word_1_374' title='bbox 261 3586 332 3660; x_wconf 77' lang='grc' dir='ltr'>ξηρῷ</span> <span class='ocrx_word' id='word_1_375' title='bbox 351 3589 395 3640; x_wconf 88' lang='grc' dir='ltr'>καὶ</span> <span class='ocrx_word' id='word_1_376' title='bbox 413 3587 457 3641; x_wconf 77' lang='grc' dir='ltr'>τὸν</span> <span class='ocrx_word' id='word_1_377' title='bbox 477 3589 503 3640; x_wconf 82' lang='grc' dir='ltr'>ἐν</span> <span class='ocrx_word' id='word_1_378' title='bbox 522 3595 575 3648; x_wconf 77' lang='grc' dir='ltr'>τοῖς</span> <span class='ocrx_word' id='word_1_379' title='bbox 599 3583 672 3641; x_wconf 77' lang='grc' dir='ltr'>ὕδασι</span> <span class='ocrx_word' id='word_1_380' title='bbox 696 3585 757 3660; x_wconf 79' lang='lat' dir='ltr'>qud·</span> <span class='ocrx_word' id='word_1_381' title='bbox 811 3585 953 3647; x_wconf 82' lang='lat' dir='ltr'>calamo,</span> <span class='ocrx_word' id='word_1_382' title='bbox 980 3586 1012 3638; x_wconf 91' lang='lat' dir='ltr'>ut</span> <span class='ocrx_word' id='word_1_383' title='bbox 1038 3585 1168 3651; x_wconf 84' lang='lat' dir='ltr'>diximus,</span> <span class='ocrx_word' id='word_1_384' title='bbox 1196 3584 1243 3637; x_wconf 88' lang='lat' dir='ltr'>sed</span> <span class='ocrx_word' id='word_1_385' title='bbox 1269 3584 1409 3639; x_wconf 78' lang='lat' dir='ltr'>Cretico</span> <span class='ocrx_word' id='word_1_386' title='bbox 1437 3585 1515 3638; x_wconf 89' lang='lat' dir='ltr'>lon-</span> 
     </span>
     <span class='ocr_line' id='line_1_37' title="bbox 10 3666 1516 3753; baseline -0.005 -23"><span class='ocrx_word' id='word_1_387' title='bbox 10 3666 138 3753; x_wconf 62' lang='lat' dir='ltr'>[pevoa.</span> <span class='ocrx_word' id='word_1_388' title='bbox 170 3669 271 3746; x_wconf 66' lang='grc' dir='ltr'>Ἴθιοα</span> <span class='ocrx_word' id='word_1_389' title='bbox 300 3675 333 3728; x_wconf 78' lang='grc' dir='ltr'>δὲ</span> <span class='ocrx_word' id='word_1_390' title='bbox 360 3676 417 3728; x_wconf 80' lang='grc' dir='ltr'>καὶ</span> <span class='ocrx_word' id='word_1_391' title='bbox 445 3671 459 3727; x_wconf 78' lang='lat' dir='ltr'>h</span> <span class='ocrx_word' id='word_1_392' title='bbox 485 3672 634 3737; x_wconf 78' lang='grc' dir='ltr'>τοξικὸς,</span> <span class='ocrx_word' id='word_1_393' title='bbox 663 3669 691 3727; x_wconf 68' lang='lat' dir='ltr'>‘ds</span> <span class='ocrx_word' id='word_1_394' title='bbox 720 3671 757 3744; x_wconf 75' lang='grc' dir='ltr'>δή</span> <span class='ocrx_word' id='word_1_395' title='bbox 810 3671 1221 3741; x_wconf 84' lang='lat' dir='ltr'>gissimieintcrnodiis,</span> <span class='ocrx_word' id='word_1_396' title='bbox 1241 3671 1516 3738; x_wconf 87' lang='lat' dir='ltr'>obsequiumque</span> 
     </span>
     <span class='ocr_line' id='line_1_38' title="bbox 39 3756 1516 3838; baseline -0.004 -23"><span class='ocrx_word' id='word_1_397' title='bbox 39 3756 758 3838; x_wconf 76' lang='grc' dir='ltr'>Κρητικάντινεςκμλυῦαιν·ὀλιγόνατυςμὲν,</span> <span class='ocrx_word' id='word_1_398' title='bbox 812 3775 875 3828; x_wconf 90' lang='lat' dir='ltr'>quo</span> <span class='ocrx_word' id='word_1_399' title='bbox 906 3759 1013 3812; x_wconf 81' lang='lat' dir='ltr'>libeat</span> <span class='ocrx_word' id='word_1_400' title='bbox 1040 3758 1144 3812; x_wconf 83' lang='lat' dir='ltr'>flecti</span> <span class='ocrx_word' id='word_1_401' title='bbox 1177 3758 1357 3812; x_wconf 78' lang='lat' dir='ltr'>calefacto.</span> <span class='ocrx_word' id='word_1_402' title='bbox 1402 3756 1516 3810; x_wconf 82' lang='lat' dir='ltr'>Diffe-</span> 
     </span>
     <span class='ocr_line' id='line_1_39' title="bbox 43 3843 1517 3926; baseline -0.005 -20"><span class='ocrx_word' id='word_1_403' title='bbox 43 3849 265 3926; x_wconf 69' lang='grc' dir='ltr'>σαρκωδέστεροι</span> <span class='ocrx_word' id='word_1_404' title='bbox 305 3849 333 3902; x_wconf 78' lang='grc' dir='ltr'>δὲ</span> <span class='ocrx_word' id='word_1_405' title='bbox 369 3846 485 3912; x_wconf 85' lang='grc' dir='ltr'>πάντων,</span> <span class='ocrx_word' id='word_1_406' title='bbox 527 3850 572 3902; x_wconf 83' lang='grc' dir='ltr'>καὶ</span> <span class='ocrx_word' id='word_1_407' title='bbox 613 3844 759 3918; x_wconf 80' lang='grc' dir='ltr'>μάλιστα</span> <span class='ocrx_word' id='word_1_408' title='bbox 811 3846 947 3900; x_wconf 72' lang='lat' dir='ltr'>sentias</span> <span class='ocrx_word' id='word_1_409' title='bbox 974 3845 1111 3898; x_wconf 80' lang='lat' dir='ltr'>faciunt</span> <span class='ocrx_word' id='word_1_410' title='bbox 1140 3849 1175 3898; x_wconf 88' lang='grc'>81</span> <span class='ocrx_word' id='word_1_411' title='bbox 1203 3845 1292 3897; x_wconf 87' lang='lat' dir='ltr'>folia</span> <span class='ocrx_word' id='word_1_412' title='bbox 1321 3860 1386 3898; x_wconf 88' lang='lat' dir='ltr'>nou</span> <span class='ocrx_word' id='word_1_413' title='bbox 1419 3843 1517 3898; x_wconf 89' lang='lat' dir='ltr'>modo</span> 
     </span>
     <span class='ocr_line' id='line_1_40' title="bbox 45 3924 1518 4010; baseline -0.007 -17"><span class='ocrx_word' id='word_1_414' title='bbox 45 3934 184 4010; x_wconf 80' lang='grc' dir='ltr'>κάμψιν</span> <span class='ocrx_word' id='word_1_415' title='bbox 208 3924 408 4010; x_wconf 74' lang='grc' dir='ltr'>δεχόμενος,</span> <span class='ocrx_word' id='word_1_416' title='bbox 433 3937 489 3988; x_wconf 85' lang='grc' dir='ltr'>καὶ</span> <span class='ocrx_word' id='word_1_417' title='bbox 513 3930 597 3996; x_wconf 78' lang='grc' dir='ltr'>ὅλως</span> <span class='ocrx_word' id='word_1_418' title='bbox 616 3930 758 4007; x_wconf 82' lang='grc' dir='ltr'>άγεαθαι</span> <span class='ocrx_word' id='word_1_419' title='bbox 811 3933 1058 3998; x_wconf 89' lang='lat' dir='ltr'>multitudine,</span> <span class='ocrx_word' id='word_1_420' title='bbox 1078 3947 1195 3984; x_wconf 85' lang='lat' dir='ltr'>verum</span> <span class='ocrx_word' id='word_1_421' title='bbox 1213 3932 1246 3983; x_wconf 87' lang='lat' dir='ltr'>et</span> <span class='ocrx_word' id='word_1_422' title='bbox 1264 3932 1385 3984; x_wconf 90' lang='lat' dir='ltr'>colore.</span> <span class='ocrx_word' id='word_1_423' title='bbox 1419 3931 1518 3984; x_wconf 84' lang='lat' dir='ltr'>varia</span> 
     </span>
    </p>
   </div>
   <div class='ocr_carea' id='block_1_4' title="bbox 10 3844 17 3893">
    <p class='ocr_par' dir='ltr' id='par_1_4' title="bbox 10 3844 17 3893">
     <span class='ocr_line' id='line_1_41' title="bbox 10 3844 16 3869; baseline 0 0"><span class='ocrx_word' id='word_1_424' title='bbox 10 3844 16 3869; x_wconf 71' lang='grc'>1</span> 
     </span>
     <span class='ocr_line' id='line_1_42' title="bbox 10 3878 17 3893; baseline 0 0"><span class='ocrx_word' id='word_1_425' title='bbox 10 3878 17 3893; x_wconf 84' lang='lat' dir='ltr'>r·</span> 
     </span>
    </p>
   </div>
   <div class='ocr_carea' id='block_1_5' title="bbox 10 3900 21 3959">
    <p class='ocr_par' dir='ltr' id='par_1_5' title="bbox 10 3900 21 3959">
     <span class='ocr_line' id='line_1_43' title="bbox 10 3900 21 3959; baseline 0 0"><span class='ocrx_word' id='word_1_426' title='bbox 10 3900 21 3959; x_wconf 77' lang='grc'>1</span> 
     </span>
    </p>
   </div>
   <div class='ocr_carea' id='block_1_6' title="bbox 10 3968 26 4019">
    <p class='ocr_par' dir='ltr' id='par_1_6' title="bbox 10 3968 26 4019">
     <span class='ocr_line' id='line_1_44' title="bbox 10 3968 26 4019; baseline 0 -4"><span class='ocrx_word' id='word_1_427' title='bbox 10 3968 26 4019; x_wconf 67' lang='lat' dir='ltr'>ia</span> 
     </span>
    </p>
   </div>
   <div class='ocr_carea' id='block_1_7' title="bbox 10 4017 1517 4184">
    <p class='ocr_par' dir='ltr' id='par_1_7' title="bbox 10 4017 1517 4184">
     <span class='ocr_line' id='line_1_45' title="bbox 10 4017 1517 4101; baseline -0.007 -21"><span class='ocrx_word' id='word_1_428' title='bbox 10 4021 256 4101; x_wconf 58' lang='grc' dir='ltr'>ἑθυνάμενυς,</span> <span class='ocrx_word' id='word_1_429' title='bbox 281 4019 318 4081; x_wconf 76' lang='grc' dir='ltr'>ὡς</span> <span class='ocrx_word' id='word_1_430' title='bbox 341 4017 378 4074; x_wconf 89' lang='grc' dir='ltr'>άν</span> <span class='ocrx_word' id='word_1_431' title='bbox 401 4022 484 4094; x_wconf 80' lang='grc' dir='ltr'>θέλγγ</span> <span class='ocrx_word' id='word_1_432' title='bbox 507 4042 556 4082; x_wconf 83' lang='grc' dir='ltr'>τις</span> <span class='ocrx_word' id='word_1_433' title='bbox 575 4018 758 4095; x_wconf 80' lang='grc' dir='ltr'>θερμαινά-</span> <span class='ocrx_word' id='word_1_434' title='bbox 814 4019 1001 4074; x_wconf 86' lang='lat' dir='ltr'>Laconicis</span> <span class='ocrx_word' id='word_1_435' title='bbox 1024 4018 1112 4072; x_wconf 85' lang='grc'>8181)</span> <span class='ocrx_word' id='word_1_436' title='bbox 1130 4018 1196 4070; x_wconf 87' lang='lat' dir='ltr'>ima</span> <span class='ocrx_word' id='word_1_437' title='bbox 1219 4020 1316 4085; x_wconf 83' lang='lat' dir='ltr'>parte</span> <span class='ocrx_word' id='word_1_438' title='bbox 1339 4017 1517 4083; x_wconf 84' lang='lat' dir='ltr'>densiora,</span> 
     </span>
     <span class='ocr_line' id='line_1_46' title="bbox 10 4103 1517 4184; baseline -0.005 -20"><span class='ocrx_word' id='word_1_439' title='bbox 10 4108 164 4184; x_wconf 63' lang='grc' dir='ltr'>θιμενος.</span> <span class='ocrx_word' id='word_1_440' title='bbox 814 4106 930 4175; x_wconf 90' lang='lat' dir='ltr'>qualis</span> <span class='ocrx_word' id='word_1_441' title='bbox 959 4107 989 4157; x_wconf 93' lang='lat' dir='ltr'>iu</span> <span class='ocrx_word' id='word_1_442' title='bbox 1019 4107 1105 4159; x_wconf 90' lang='lat' dir='ltr'>totum</span> <span class='ocrx_word' id='word_1_443' title='bbox 1136 4106 1231 4158; x_wconf 89' lang='lat' dir='ltr'>circa</span> <span class='ocrx_word' id='word_1_444' title='bbox 1261 4106 1383 4172; x_wconf 87' lang='lat' dir='ltr'>stagna</span> <span class='ocrx_word' id='word_1_445' title='bbox 1419 4103 1517 4172; x_wconf 84' lang='lat' dir='ltr'>gigni</span> 
     </span>
    </p>
   </div>
   <div class='ocr_carea' id='block_1_8' title="bbox 10 4184 1517 4271">
    <p class='ocr_par' dir='ltr' id='par_1_8' title="bbox 10 4184 1517 4271">
     <span class='ocr_line' id='line_1_47' title="bbox 10 4184 1517 4271; baseline -0.009 -16"><span class='ocrx_word' id='word_1_446' title='bbox 10 4184 34 4271; x_wconf 61' lang='grc' dir='ltr'>,ᾖ</span> <span class='ocrx_word' id='word_1_447' title='bbox 124 4198 168 4254; x_wconf 81' lang='grc'>12.</span> <span class='ocrx_word' id='word_1_448' title='bbox 209 4190 350 4270; x_wconf 82' lang='grc' dir='ltr'>Ἔχουσι</span> <span class='ocrx_word' id='word_1_449' title='bbox 376 4197 416 4261; x_wconf 78' lang='grc' dir='ltr'>δὲ,</span> <span class='ocrx_word' id='word_1_450' title='bbox 449 4190 532 4268; x_wconf 79' lang='grc' dir='ltr'>ὥσπερ</span> <span class='ocrx_word' id='word_1_451' title='bbox 563 4195 674 4270; x_wconf 76' lang='grc' dir='ltr'>ἐλέχθη,</span> <span class='ocrx_word' id='word_1_452' title='bbox 705 4196 761 4248; x_wconf 89' lang='grc' dir='ltr'>καὶ</span> <span class='ocrx_word' id='word_1_453' title='bbox 814 4195 940 4261; x_wconf 86' lang='lat' dir='ltr'>putant</span> <span class='ocrx_word' id='word_1_454' title='bbox 957 4190 1101 4245; x_wconf 86' lang='lat' dir='ltr'>dissimilis</span> <span class='ocrx_word' id='word_1_455' title='bbox 1119 4191 1243 4256; x_wconf 88' lang='lat' dir='ltr'>amnicis,</span> <span class='ocrx_word' id='word_1_456' title='bbox 1261 4190 1403 4258; x_wconf 89' lang='lat' dir='ltr'>longisque</span> <span class='ocrx_word' id='word_1_457' title='bbox 1421 4189 1517 4243; x_wconf 86' lang='lat' dir='ltr'>vestiri</span> 
     </span>
    </p>
   </div>
   <div class='ocr_carea' id='block_1_9' title="bbox 10 4268 1517 4704">
    <p class='ocr_par' dir='ltr' id='par_1_9' title="bbox 10 4268 1517 4704">
     <span class='ocr_line' id='line_1_48' title="bbox 10 4268 1517 4369; baseline -0.007 -32"><span class='ocrx_word' id='word_1_458' title='bbox 10 4268 29 4369; x_wconf 54' lang='grc' dir='ltr'>’Ξ</span> <span class='ocrx_word' id='word_1_459' title='bbox 51 4281 142 4338; x_wconf 78' lang='grc' dir='ltr'>κατὰ</span> <span class='ocrx_word' id='word_1_460' title='bbox 160 4279 201 4336; x_wconf 79' lang='grc' dir='ltr'>τὰ</span> <span class='ocrx_word' id='word_1_461' title='bbox 220 4279 329 4356; x_wconf 73' lang='grc' dir='ltr'>φύλλα</span> <span class='ocrx_word' id='word_1_462' title='bbox 347 4279 496 4354; x_wconf 82' lang='grc' dir='ltr'>μεγάλας</span> <span class='ocrx_word' id='word_1_463' title='bbox 520 4279 702 4355; x_wconf 82' lang='grc' dir='ltr'>διαφοράς,</span> <span class='ocrx_word' id='word_1_464' title='bbox 726 4277 761 4335; x_wconf 82' lang='lat' dir='ltr'>od</span> <span class='ocrx_word' id='word_1_465' title='bbox 815 4279 888 4334; x_wconf 88' lang='lat' dir='ltr'>foliis</span> <span class='ocrx_word' id='word_1_466' title='bbox 906 4278 1052 4347; x_wconf 83' lang='lat' dir='ltr'>spatiosius</span> <span class='ocrx_word' id='word_1_467' title='bbox 1075 4295 1090 4330; x_wconf 88' lang='lat' dir='ltr'>a</span> <span class='ocrx_word' id='word_1_468' title='bbox 1113 4278 1182 4332; x_wconf 89' lang='lat' dir='ltr'>nodo</span> <span class='ocrx_word' id='word_1_469' title='bbox 1201 4277 1344 4331; x_wconf 84' lang='lat' dir='ltr'>scandente</span> <span class='ocrx_word' id='word_1_470' title='bbox 1367 4275 1517 4343; x_wconf 84' lang='lat' dir='ltr'>complexu.</span> 
     </span>
     <span class='ocr_line' id='line_1_49' title="bbox 10 4362 765 4451; baseline -0.007 -24"><span class='ocrx_word' id='word_1_471' title='bbox 10 4362 35 4451; x_wconf 60' lang='grc' dir='ltr'>’ζ’</span> <span class='ocrx_word' id='word_1_472' title='bbox 51 4369 181 4447; x_wconf 75' lang='grc' dir='ltr'>πλήθει</span> <span class='ocrx_word' id='word_1_473' title='bbox 220 4371 266 4424; x_wconf 85' lang='grc' dir='ltr'>καὶ</span> <span class='ocrx_word' id='word_1_474' title='bbox 301 4369 404 4442; x_wconf 75' lang='grc' dir='ltr'>μεγέθει</span> <span class='ocrx_word' id='word_1_475' title='bbox 444 4367 546 4442; x_wconf 89' lang='grc' dir='ltr'>μόνον</span> <span class='ocrx_word' id='word_1_476' title='bbox 589 4365 673 4423; x_wconf 80' lang='grc' dir='ltr'>ἀλλὰ</span> <span class='ocrx_word' id='word_1_477' title='bbox 709 4370 765 4422; x_wconf 88' lang='grc' dir='ltr'>καὶ</span> 
     </span>
     <span class='ocr_line' id='line_1_50' title="bbox 10 4450 765 4545; baseline -0.005 -34"><span class='ocrx_word' id='word_1_478' title='bbox 10 4450 166 4545; x_wconf 57' lang='grc' dir='ltr'>ἔχρυιᾷ.</span> <span class='ocrx_word' id='word_1_479' title='bbox 219 4454 382 4517; x_wconf 82' lang='grc' dir='ltr'>Πυικίλυς</span> <span class='ocrx_word' id='word_1_480' title='bbox 416 4456 476 4530; x_wconf 86' lang='grc' dir='ltr'>γάρ</span> <span class='ocrx_word' id='word_1_481' title='bbox 514 4453 527 4509; x_wconf 75' lang='grc' dir='ltr'><strong>ὃ</strong></span> <span class='ocrx_word' id='word_1_482' title='bbox 564 4454 765 4515; x_wconf 81' lang='grc' dir='ltr'>Λακωνικὸς</span> 
     </span>
     <span class='ocr_line' id='line_1_51' title="bbox 10 4538 763 4618; baseline -0.007 -19"><span class='ocrx_word' id='word_1_483' title='bbox 10 4554 31 4617; x_wconf 65' lang='grc' dir='ltr'>ξι</span> <span class='ocrx_word' id='word_1_484' title='bbox 54 4541 229 4616; x_wconf 77' lang='grc' dir='ltr'>καλούμενος.</span> <span class='ocrx_word' id='word_1_485' title='bbox 259 4538 320 4597; x_wconf 88' lang='grc' dir='ltr'>Ἔτι</span> <span class='ocrx_word' id='word_1_486' title='bbox 344 4544 371 4598; x_wconf 84' lang='grc' dir='ltr'>δὲ</span> <span class='ocrx_word' id='word_1_487' title='bbox 394 4549 427 4618; x_wconf 70' lang='grc' dir='ltr'>τῇ</span> <span class='ocrx_word' id='word_1_488' title='bbox 451 4545 522 4597; x_wconf 80' lang='grc' dir='ltr'>θέσει</span> <span class='ocrx_word' id='word_1_489' title='bbox 544 4545 590 4597; x_wconf 86' lang='grc' dir='ltr'>καὶ</span> <span class='ocrx_word' id='word_1_490' title='bbox 607 4539 763 4616; x_wconf 78' lang='grc' dir='ltr'>πρυαράαει·</span> 
     </span>
     <span class='ocr_line' id='line_1_52' title="bbox 10 4618 764 4704; baseline -0.003 -21"><span class='ocrx_word' id='word_1_491' title='bbox 10 4618 26 4683; x_wconf 66' lang='grc' dir='ltr'>ἐ</span> <span class='ocrx_word' id='word_1_492' title='bbox 53 4629 214 4687; x_wconf 85' lang='grc' dir='ltr'>κάτωθεν</span> <span class='ocrx_word' id='word_1_493' title='bbox 245 4628 305 4704; x_wconf 81' lang='grc' dir='ltr'>γὰρ</span> <span class='ocrx_word' id='word_1_494' title='bbox 333 4631 419 4685; x_wconf 79' lang='grc' dir='ltr'>ἔνιυι</span> <span class='ocrx_word' id='word_1_495' title='bbox 445 4631 590 4684; x_wconf 84' lang='grc' dir='ltr'>πλεῖστα</span> <span class='ocrx_word' id='word_1_496' title='bbox 623 4631 764 4702; x_wconf 80' lang='grc' dir='ltr'>φέρουσι</span> 
     </span>
    </p>
   </div>
   <div class='ocr_carea' id='block_1_10' title="bbox 10 4698 764 4792">
    <p class='ocr_par' dir='ltr' id='par_1_10' title="bbox 10 4698 764 4792">
     <span class='ocr_line' id='line_1_53' title="bbox 10 4698 764 4792; baseline -0.007 -20"><span class='ocrx_word' id='word_1_497' title='bbox 10 4698 28 4785; x_wconf 59' lang='grc' dir='ltr'>Ξ.</span> <span class='ocrx_word' id='word_1_498' title='bbox 53 4723 117 4779; x_wconf 76' lang='grc' dir='ltr'>τῶν</span> <span class='ocrx_word' id='word_1_499' title='bbox 148 4715 290 4792; x_wconf 77' lang='grc' dir='ltr'>φύλλων,</span> <span class='ocrx_word' id='word_1_500' title='bbox 322 4714 399 4778; x_wconf 77' lang='grc' dir='ltr'>αὐτὸς</span> <span class='ocrx_word' id='word_1_501' title='bbox 429 4718 456 4772; x_wconf 79' lang='grc' dir='ltr'>δὲ</span> <span class='ocrx_word' id='word_1_502' title='bbox 487 4713 571 4790; x_wconf 79' lang='grc' dir='ltr'>ὥσπερ</span> <span class='ocrx_word' id='word_1_503' title='bbox 602 4717 631 4770; x_wconf 81' lang='grc' dir='ltr'>ἐκ</span> <span class='ocrx_word' id='word_1_504' title='bbox 663 4713 764 4787; x_wconf 85' lang='grc' dir='ltr'>θάμνου</span> 
     </span>
    </p>
   </div>
   <div class='ocr_carea' id='block_1_11' title="bbox 10 4976 39 4999">
    <p class='ocr_par' dir='ltr' id='par_1_11' title="bbox 10 4976 39 4999">
     <span class='ocr_line' id='line_1_54' title="bbox 10 4976 39 4999; baseline 0 0"><span class='ocrx_word' id='word_1_505' title='bbox 10 4976 39 4999; x_wconf 78' lang='grc' dir='ltr'>Ι-</span> 
     </span>
    </p>
   </div>
   <div class='ocr_carea' id='block_1_12' title="bbox 0 0 1652 5436">
    <p class='ocr_par' dir='ltr' id='par_1_12' title="bbox 0 0 1652 5436">
     <span class='ocr_line' id='line_1_55' title="bbox 0 0 1652 5436; baseline 0 0"><span class='ocrx_word' id='word_1_506' title='bbox 0 0 1652 5436; x_wconf 95' lang='lat' dir='ltr'> </span> 
     </span>
    </p>
   </div>
  </div>
 </body>
</html>
