3292 5436
848 131 891 195 52

247 336 335 401 Haec
365 357 406 400 ex
433 336 647 422 Theophrasto
681 346 809 421 sumpta
833 358 908 423 esse
938 345 1026 422 puto,
1059 359 1134 403 nam
1169 343 1281 425 paucis
1315 344 1464 426 exceptis
1501 347 1598 408 omnia

144 444 232 526 apud
267 448 442 525 utrumque
480 442 575 524 plane
609 444 800 523 congruunt.
857 445 895 506 ln
926 446 976 523 iis,
1011 463 1094 526 quae
1124 445 1163 508 de
1192 447 1289 509 ramis
1312 449 1417 510 caecis
1442 448 1599 529 dicuntur,

139 555 224 613 recte
257 547 472 610 Schneiderus
507 547 714 609 coniunxisse
749 547 896 610 videtur:
931 545 999 623 „acl
1035 546 1121 632 φύσει
1236 545 1256 633 ἢ
1291 546 1360 614 ὅταν
1385 551 1428 635 μὴ
1454 555 1536 638 λυθῇ
1557 551 1599 618 καὶ

140 651 338 737 ἐκβιάοηται“,
363 646 430 725 ,καὶ
453 647 643 733 πηρώσει...
665 644 685 732 ἤ
708 646 777 712 ὅταν
800 648 938 736 ἀποκοπῇ
960 649 1011 714 καὶ
1027 651 1089 715 οἷον
1106 650 1275 724 intrandas:
1290 657 1449 741 nqpmdq‘t
1502 657 1600 722 Verba
1637 698 1640 735 ,

140 753 178 840 ,ἢ
201 752 269 819 ’όταν
294 754 334 838 μὴ
358 755 436 838 λυθῇ
458 749 508 816 καὶ
531 751 725 838 ἐπβιοίοηται“
747 760 832 818 recte
854 775 906 819 me
930 757 1059 838 quidem
1083 756 1191 821 iudice
1209 757 1351 840 Scaliger
1372 761 1598 844 interpretatus
1638 758 1640 765 ’

142 866 207 925 est:
234 880 327 942 „cum
350 859 457 921 nodus
480 858 561 921 solvi
584 865 615 921 et
638 878 768 941 germen
792 879 997 944 prorumpere
1020 881 1085 925 non
1108 864 1244 945 potest‘,
1266 863 1311 926 ita
1330 869 1366 926 ut
1381 866 1597 947 respondeant

143 965 243 1028 Plinii
276 962 382 1026 verbis
424 964 472 1044 „si
507 981 573 1025 non
608 964 775 1027 evaluere“
816 965 837 1026 i.
873 982 898 1027 e.
937 966 985 1046 „si
1019 966 1085 1028 vim
1119 966 1321 1047 germinandi
1351 987 1420 1030 non
1455 969 1598 1034 hahent‘.
1638 946 1640 951 Ι

139 1068 256 1132 Verbis
278 1064 328 1130 καὶ
350 1065 480 1152 πηρώσει
584 1062 604 1150 ἢ
628 1062 697 1130 ὅταν
721 1065 859 1152 ἀποκοπῇ
880 1064 930 1130 καὶ
953 1067 1013 1131 οἷον
1037 1065 1206 1140 taracona&
1229 1071 1376 1155 aqpotaff
1408 1074 1600 1155 respondere

141 1173 219 1236 mihi
242 1172 394 1235 videntur
415 1170 514 1234 Plinii
542 1170 654 1234 verba:
692 1177 767 1253 „aut
790 1191 903 1255 poena,
931 1191 1006 1235 cum
1036 1173 1203 1256 deputatos
1234 1176 1366 1237 cicatrix
1398 1175 1593 1241 hebeuvir‘.

243 1294 356 1357 Terrae
379 1313 539 1375 proxuma
562 1296 716 1356 crassiora
732 1312 800 1357 esse
816 1293 1051 1378 Theophrastus
1074 1314 1238 1378 nusquam
1256 1304 1502 1379 commemorat3
1527 1300 1598 1364 haec

139 1399 191 1463 vel
215 1399 382 1481 exipsius
408 1399 540 1461 scientia
564 1398 613 1460 vel
637 1398 767 1461 aliunde
791 1405 919 1482 sumpta
942 1398 1056 1461 adiecit
1078 1397 1214 1462 Plinius.

244 1521 334 1583 Inter
355 1519 492 1596 arbores,
517 1521 656 1601 quaein
679 1520 915 1602 longitudinem
938 1525 1133 1601 excrescant,
1156 1525 1365 1604 praetereas,
1389 1541 1475 1604 quas
1501 1523 1594 1587 Theo-

140 1627 289 1711 phrastus
309 1623 429 1704 laudat,
460 1623 587 1686 Plinius
610 1630 775 1687 enumerat
798 1624 927 1687 laricem
950 1632 980 1687 et
1004 1624 1138 1687 ulmum.
1184 1623 1328 1688 Laricem
1352 1624 1474 1690 ducere
1498 1629 1597 1711 potuit

141 1748 183 1793 ex
205 1730 275 1791 loco
290 1727 506 1810 Theophrasti,
531 1747 627 1810 quem
651 1728 763 1808 adtuli,
787 1729 843 1792 uhi
859 1728 985 1792 arbores
1001 1728 1121 1809 laudat,
1145 1748 1227 1810 quae
1250 1729 1285 1790 in
1305 1735 1431 1795 ,rectum
1451 1712 1598 1796 crescant

140 1838 171 1897 et
191 1833 288 1915 longo
321 1831 452 1894 caudice
483 1833 558 1913 sint,
591 1834 674 1895 inter
704 1851 784 1915 quas
806 1832 934 1895 laricem
969 1851 1098 1915 quoque
1129 1836 1362 1895 commemorat.
1418 1832 1485 1896 Sed
1517 1836 1597 1899 unde

139 1943 306 2000 mutuatus
329 1943 377 2000 est
400 1935 548 1998 ulmum?
571 1926 573 1931 ⁴
596 1936 699 2017 „Male
721 1937 804 1999 hanc
827 1935 955 1998 Plinius
979 1936 1017 1999 de
1041 1955 1099 1998 suo
1123 1935 1258 1999 adiecit‘
1285 1937 1362 2000 dicit
1379 1935 1595 2003 Schneiderus
1636 1990 1640 1999 .

140 2040 210 2122 (III,
232 2040 294 2119 49).
352 2039 512 2122 Equidem
549 2040 724 2103 diiudicare
757 2059 824 2102 non
853 2059 995 2123 possum,
1031 2039 1117 2103 unde
1147 2039 1231 2104 hanc
1254 2040 1382 2104 Plinius
1414 2044 1596 2127 sumpserit,
1638 2068 1640 2075 ·

139 2149 246 2207 utrum
271 2164 312 2207 ex
335 2145 438 2225 ipsius
450 2145 584 2206 scientia
597 2163 637 2205 an
652 2163 694 2206 err
706 2144 767 2205 alio
792 2143 933 2225 quodam
949 2150 1086 2225 auctore,
1110 2143 1167 2207 sed
1183 2163 1241 2217 cur
1256 2144 1337 2208 male
1353 2145 1439 2208 hanc
1454 2145 1597 2210 Plinium

140 2249 294 2312 adiecisse
317 2246 531 2311 Schneiderus
562 2248 655 2330 dicat,
683 2248 770 2310 haud
793 2248 953 2331 intellege,
983 2267 1058 2310 nam
1089 2253 1172 2311 certe
1201 2238 1310 2312 ulmus
1341 2269 1497 2331 magnam
1533 2251 1598 2314 alti·

140 2353 284 2416 tudinem
307 2352 501 2435 adipiscitun
1283 2352 1285 2357 ’
1508 2370 1511 2375 ’

247 2474 379 2538 Cerasus
409 2474 612 2538 altitudinem
634 2471 695 2534 XL
724 2472 906 2536 cubitorum
936 2472 1070 2555 adsequi
1095 2472 1173 2536 dicit
1196 2473 1332 2556 Plinius,
1362 2473 1595 2560 Theophrastus

138 2580 253 2661 viginti
286 2584 445 2660 quattuor.
492 2577 590 2661 Apud
620 2576 873 2659 Theophrastum
902 2573 1073 2639 numerum
1102 2579 1218 2640 mutari
1245 2597 1312 2640 non
1341 2578 1438 2644 licere
1467 2582 1595 2666 adparet

139 2703 180 2746 ex
203 2684 368 2746 Athenaeo
400 2682 471 2763 (III,
493 2702 564 2765 pag.
582 2680 653 2760 aot:
689 2680 749 2756 ,εἷς
773 2677 864 2743 εἴκοσι
893 2678 942 2744 καὶ
970 2679 1107 2765 τέτταρας
1136 2680 1243 2767 πήχεις
1267 2675 1411 2754 ανό’ξεται“ο
1459 2685 1596 2767 Plinius,

138 2793 175 2850 ut
198 2787 369 2850 Eduardus
393 2786 606 2849 Schwartzius
637 2784 776 2867 benigne
803 2805 854 2849 me
884 2785 1002 2863 docuit,
1038 2805 1095 2869 pro
1125 2787 1216 2868 signo
1247 2788 1376 2849 numeri
1407 2785 1523 2864 ,εἴκοσι
1552 2787 1595 2855 καὶ

137 2890 288 2976 τέτταρες“
329 2877 385 2954 lid
412 2890 490 2953 falso
518 2890 595 2971 legit
627 2887 659 2952 M
691 2891 735 2968 (=
764 2888 1002 2975 τεοοοὶρακοντα),
1037 2895 1073 2951 ut
1106 2889 1188 2980 infra
1221 2891 1254 2971 (ᾖ
1279 2890 1355 2974 151)
1389 2895 1596 2957 commutavit

137 2996 257 3059 litteras
280 2994 332 3058 ΒΛ
358 3005 388 3058 et
411 2994 452 3070 ll,
477 3014 551 3056 cunr
573 2994 691 3075 legeret
714 2995 869 3078 ,,ραοτοῖς“
891 3013 948 3078 pro
972 2994 1150 3078 ,,βλαοτοῖς“.
1204 2994 1370 3058 Praeterea
1392 2997 1480 3061 male
1503 2999 1595 3063 inter·

140 3106 283 3183 pretatus
314 3107 361 3163 est
391 3099 517 3162 Plinius
549 3097 758 3181 Theophrasti
787 3100 884 3162 verba
917 3097 995 3176 ,ἀπὸ
1023 3103 1076 3182 τῆς
1104 3096 1210 3184 ’ρίζηςλ
1265 3099 1348 3163 Nam
1382 3117 1435 3164 me
1471 3101 1595 3184 quidem

137 3205 244 3267 iudice
266 3206 344 3267 haec
367 3204 448 3265 nihil
471 3202 559 3266 alind
584 3201 764 3284 significare
795 3211 942 3284 possunt,
977 3203 1039 3264 nisi
1073 3221 1129 3284 „ea
1153 3202 1251 3266 cerasi
1274 3223 1358 3286 pare,
1391 3223 1476 3285 quae
1500 3205 1593 3269 radici

138 3309 285 3390 proxima
301 3314 359 3390 est,
383 3307 629 3370 erassitudinem
654 3307 792 3369 duorum
816 3305 999 3368 cubitorum
1015 3306 1233 3389 adsequitur“,
1257 3327 1331 3370 cum
1343 3306 1477 3372 Plinius
1502 3309 1594 3387 dicat,

106 3404 109 3409 ’
138 3431 283 3476 cerasum
320 3419 419 3474 totam
457 3410 584 3493 aequali
624 3411 760 3496 duorum
800 3409 981 3472 cubitorum
1019 3412 1232 3474 crassitudine
1270 3430 1353 3494 esse,
1402 3414 1517 3495 quasi,
1564 3416 1595 3474 ut

100 3572 104 3581 .
140 3515 355 3591 Schneiderns
377 3517 398 3577 l.
423 3516 442 3577 l.
469 3515 552 3591 dicit,
576 3512 726 3575 additum
749 3514 861 3595 legerit
884 3512 990 3598 ,μέχρι
1011 3518 1065 3576 τῶν
1089 3508 1190 3586 ὅξων“.

251 3637 360 3701 Cetera
383 3636 469 3719 apud
495 3642 668 3717 utrumque
691 3634 786 3717 plane
809 3640 1000 3717 congruunt.

208 3773 231 3840 Ι,
250 3779 274 3841 5,
293 3777 318 3830 2.
354 3771 434 3827 Πάλιν
463 3771 501 3826 τὰ
531 3775 589 3844 μὲν
617 3768 841 3844 λεττόφλοια,
965 3774 980 3841 5
1009 3777 1066 3831 126,
1121 3771 1245 3825 Cortex
1279 3771 1361 3825 aliis
1394 3774 1532 3843 tenuis,
1565 3775 1596 3827 nt

137 3859 292 3934 καθάπερ
344 3858 471 3934 δάφνη,
524 3861 666 3933 φίλυροι·
717 3858 756 3912 τὰ
809 3860 842 3913 δὲ
895 3859 1006 3927 lauro,
1035 3859 1153 3928 tiliae,
1181 3859 1265 3913 aliis
1294 3874 1451 3927 crassus,
1481 3865 1520 3915 ut
1547 3878 1596 3916 ro-

135 3946 378 4023 ποιχώφλοιοι,
421 3944 593 4020 καθάπερ
634 3942 709 4019 ἀγρία
748 3948 842 4019 δρῦς.
895 3945 1597 4017 bori,aliislerisutmalo,fi00,idem

130 4030 191 4089 Ἔτι
224 4036 252 4088 δὲ
284 4032 323 4087 τὰ
357 4036 413 4106 μὲν
452 4031 651 4107 λειόφλοια,
689 4031 841 4107 καθάπερ
895 4033 1016 4086 scaber
1050 4033 1183 4101 robori,
1220 4032 1366 4102 palmae,
1403 4034 1532 4090 omnibns
1567 4034 1597 4089 in

137 4123 262 4194 ρηλέο,
306 4126 407 4192 συκῆ·
452 4118 491 4174 τὰ
533 4122 569 4174 δὲ
608 4118 841 4194 τραχόφλοιοι,
895 4122 1040 4173 senecta
1062 4121 1232 4188 rugosior.
1274 4119 1486 4187 quibusdam
1510 4139 1598 4177 rum-

136 4205 290 4279 καθάπερ
328 4204 403 4281 ἀγρία
440 4209 532 4281 δρῦς,
571 4205 677 4280 φελλὸς,
721 4207 841 4281 φοῖνιξ.
896 4205 992 4273 pitur
1028 4212 1163 4276 sponte,
1200 4209 1238 4261 ut
1272 4205 1357 4274 viti,
1394 4207 1599 4274 quibusdam

136 4293 226 4348 Ταῦτα
266 4295 294 4347 δὲ
336 4298 382 4347 νέοι
424 4296 470 4365 μὲν
509 4289 569 4347 irre
605 4296 658 4348 λειο
695 4292 840 4369 ιρλοώτεροι,
895 4293 1127 4359 etiamcadit,
1152 4294 1313 4360 utmalo,
1336 4293 1505 4364 unedoni,
1530 4312 1600 4352 car·

137 4377 424 4453 cirroqquoaovaa
460 4381 487 4434 δὲ
523 4379 841 4456 τραχυφλοιότεροι·
895 4379 1599 4449 nosussuberi,populo,membranaceue

136 4468 209 4520 ἔνιοι
255 4468 288 4520 δὲ
332 4469 388 4520 καὶ
435 4465 639 4541 ρηξίρλοιοι,
685 4466 843 4541 καθάπερ
898 4467 982 4534 viti,
1017 4467 1223 4535 harundini,
1259 4467 1336 4521 libris
1372 4465 1473 4521 similis
1503 4485 1600 4536 cerasa
1638 4468 1640 4491 ²

136 4549 303 4624 ἄμπελος·
334 4551 373 4606 τὰ
402 4553 433 4606 δὲ
461 4556 517 4608 καὶ
545 4551 582 4615 ὡς
609 4557 843 4627 περιπίπτειν,
897 4554 1082 4622 multiplex
1119 4554 1257 4608 tunicis
1297 4553 1448 4622 vitibus,
1483 4556 1601 4624 tiliae,
1638 4560 1640 4567 '

136 4641 217 4692 οἷον
247 4636 457 4714 ἀνδράχνῃ,
492 4643 630 4714 μηλέα,
667 4638 844 4714 κόμαρος.
897 4640 1022 4708 abieti,
1047 4641 1255 4710 quibusdam
1274 4639 1436 4709 simplex,
1461 4645 1502 4696 ut
1519 4642 1600 4711 lico,

131 4720 235 4779 ’Έοτὸ
273 4730 293 4780 ὲι
348 4729 409 4780 καὶ
447 4733 512 4781 τῶν
550 4732 613 4798 μὲν
651 4725 845 4801 σαρκώδης
898 4728 1096 4781 harundini.
