3292 5436
799 125 839 188 10

91 328 165 402 ἔχει
200 326 236 382 τὸ
273 330 453 404 στέλεχος,
495 334 621 404 χαῦνον
665 332 698 384 δὲ
740 332 798 384 καὶ
851 327 1007 396 quamvis
1049 327 1240 382 altitudine
1278 343 1345 381 non
1390 324 1521 381 excelle
1574 378 1592 402 Α

92 415 224 479 κοῖλον,
244 412 289 467 ἐὰν
309 416 357 488 ἔχῃ
376 412 468 488 πάχος,
488 412 521 474 ὡς
540 417 580 469 ἐπὶ
599 415 628 469 τὸ
653 415 732 470 πολὺ·
758 415 795 469 διὸ
848 415 924 467 ideo
943 413 1037 480 ligno
1056 413 1133 467 eius
1151 430 1212 466 nec
1230 413 1269 466 ad
1287 413 1483 466 sacrificia
1502 411 1539 465 ull

90 503 133 553 καὶ
153 497 257 575 ἀχρεῖον
273 501 308 560 εἰς
326 499 372 561 τὰς
392 502 555 572 οἰκοδομίας
575 504 622 555 ἔτι
642 503 674 556 δὲ
693 500 794 574 oriae-
847 502 897 553 fas
915 501 1067 553 habetur.

90 607 142 639 τοι
161 583 323 660 τάχιστα·
342 585 451 660 καὶγὰρ
471 588 583 661 πεφυκός
604 591 719 651 ἐστι,τοῦ
739 591 793 642 δέν-

91 674 151 744 δρον
165 711 241 728 .....
281 671 390 743 Λέγουσι
421 673 448 727 δὲ
479 670 512 734 ὡς
542 677 599 731 καὶ
628 696 791 749 κεραυνο-

91 760 214 830 ptam
236 753 337 812 αὗται
362 755 459 829 μόναι
483 762 646 831 γίνονται,
671 763 793 834 καίπερ

92 839 793 919 Qaffldfflmffffihmfflw

90 933 157 990 τινὲς
185 927 262 984 οὐδὲ
289 929 373 1003 πρὸς.
393 931 432 985 τὰ
458 931 531 1006 ἱερὰ
556 939 699 1008 χρῶνται
724 941 793 992 τοῖς

92 1014 212 1076 ἕν’λοις.
546 1075 549 1082 .
829 1068 832 1071 ,

162 1104 219 1170 §T
253 1105 276 1156 ol
295 1106 322 1158 δὲ
341 1105 399 1176 περὶ
417 1101 673 1162 ΙΙακεὸονΙαν....,
694 1101 792 1179 ἇσπριν.
915 1105 1032 1157 Eidem
1056 1121 1132 1157 rara
1159 1103 1256 1170 glans
1280 1108 1330 1171 et,
1357 1121 1441 1157 curn
1462 1104 1552 1171 tulit,

93 1186 198 1260 'l'odrrp
219 1191 241 1242 oi
261 1193 305 1260 μὲν
327 1186 476 1262 ἄκαρπον
503 1186 575 1253 ὅλως,
601 1193 629 1244 οἱ
655 1193 688 1245 δὲ
713 1197 793 1265 pah·
848 1207 972 1257 aurora,
1002 1207 1097 1257 quom
1129 1193 1265 1256 praeter
1301 1206 1385 1245 sues
1426 1191 1553 1244 nullum

94 1276 151 1327 lov
179 1273 235 1328 τὸν
260 1273 402 1346 καρπὸν,
430 1271 509 1329 ὥστε
538 1278 642 1348 μηδὲν
670 1279 794 1332 ἐσθίειν
848 1277 998 1343 attingit
1021 1275 1158 1339 animal,
1185 1293 1221 1329 ac
1246 1293 1284 1328 ne
1308 1277 1372 1330 hae
1405 1279 1553 1346 quidem,

94 1354 1359 1433 {Qmwwwmmwsswhdmfflwfflfflmmwm

94 1466 151 1518 rer
172 1445 214 1518 ab
234 1449 303 1522 ἔνο·
381 1506 384 1512 .

200 1569 374 1652 Corruptus
398 1578 445 1634 est
466 1572 556 1636 locus
578 1572 785 1656 Theophrasti
809 1575 854 1636 sic
879 1580 914 1637 ut
936 1573 1100 1635 codicibus
1134 1573 1269 1634 traditus
1300 1577 1364 1635 est:
1404 1572 1479 1649 „ael
1508 1573 1554 1658 γὰρ

99 1671 228 1757 πεφυκός
263 1676 323 1736 ἐστι
356 1680 407 1737 τοῦ
441 1675 585 1760 diripient
622 1696 704 1759 quae
734 1677 830 1740 rerba
854 1678 939 1740 Gaza
975 1695 1103 1759 quoque
1123 1677 1170 1737 *in
1205 1676 1313 1738 codice
1344 1696 1407 1738 suo
1445 1677 1555 1761 legisse

100 1777 235 1859 ridetur,
260 1798 333 1841 cum
358 1781 404 1842 sic
427 1781 571 1843 verterit:
598 1781 704 1862 „quod
729 1801 769 1844 ex
794 1789 907 1844 natura
931 1783 1000 1842 eius
1024 1779 1144 1842 arboris
1168 1779 1314 1841 accidit.“
1363 1778 1457 1855 Quid
1486 1783 1556 1844 haec

102 1879 164 1943 sibi
191 1882 325 1945 volunt?
360 1882 475 1948 Nonne
499 1885 558 1965 hio,
582 1885 635 1948 ubi
653 1885 886 1968 Theophrastus
908 1884 1052 1966 loquitur
1075 1883 1113 1946 de
1136 1888 1249 1945 natura
1272 1883 1464 1968 haliphloei,
1489 1906 1555 1949 curn

97 1986 174 2048 dicit
196 2005 265 2048 eam
290 1988 452 2051 celerrime
474 1994 667 2072 putrescere,
696 2009 752 2073 per
774 2009 808 2054 se
838 1989 968 2073 adparet
998 1988 1057 2050 hoc
1086 2006 1127 2051 ex
1156 1991 1270 2049 natura
1302 1987 1402 2052 huius
1437 1990 1556 2054 arboris

96 2089 263 2154 accidere?
309 2091 398 2155 Certe
433 2099 510 2155 tunc
544 2097 724 2158 accuratius
759 2095 798 2157 de
832 2114 938 2174 causa,
975 2112 1056 2175 quae
1091 2092 1237 2171 efiiceret,
1274 2097 1310 2153 ut
1344 2092 1426 2157 haec
1469 2095 1556 2159 arbor

99 2195 262 2258 celerrime
285 2201 489 2278 putresceret,
514 2198 576 2259 dici
600 2197 719 2260 debuit.
777 2196 868 2272 Quod
892 2202 928 2260 ut
950 2197 1049 2278 fieret,
1072 2196 1174 2259 facere
1197 2202 1331 2258 conatus
1354 2188 1555 2262 Wimrnerus

97 2298 236 2379 scripsit:
272 2295 339 2374 „ael
368 2299 423 2385 γὰρ
453 2299 569 2385 ἐνονρόν
597 2303 657 2364 ἐστι
685 2288 726 2364 ab
746 2300 888 2387 btrbpor‘t
924 2319 1006 2383 quae
1040 2300 1126 2363 unde
1161 2300 1331 2381 sumpserit
1368 2306 1485 2365 utrum
1519 2323 1553 2367 er

99 2402 208 2465 codice
233 2404 371 2485 quodam
396 2425 435 2466 an
461 2406 626 2488 exipsius
650 2408 843 2486 coniectura,
867 2405 1016 2487 equidem
1040 2424 1081 2468 ex
1104 2404 1242 2468 editione
1265 2405 1335 2466 eius
1359 2423 1553 2487 cognoscere

98 2526 162 2568 non
188 2526 327 2590 possum.
372 2507 585 2573 Schneiderus
609 2508 786 2591 (ΙΙΙ,178),
811 2529 892 2592 quae
915 2510 983 2591 ipse
1005 2509 1144 2592 praebet,
1168 2507 1246 2571 falsa
1269 2525 1337 2571 esse
1362 2515 1458 2572 ratus
1485 2509 1553 2573 dicit

100 2611 159 2673 sibi
185 2616 287 2674 totum
319 2613 380 2674 hoc
403 2613 582 2676 membrum
616 2602 655 2675 ab
679 2614 829 2677 hocloco
853 2614 993 2677 alienum
1028 2632 1096 2677 esse
1126 2612 1238 2693 rideri,
1272 2612 1335 2674 nisi
1369 2611 1406 2674 in
1443 2615 1553 2676 vitiosa

98 2715 254 2797 scriptura
281 2716 386 2798 lateat,
418 2718 504 2799 quod
536 2716 649 2780 habeat
678 2717 818 2780 Plinius:
854 2719 966 2798 „etiam
998 2737 1072 2780 cum
1104 2713 1212 2780 vivit.“
1256 2715 1313 2778 Ed.
1339 2712 1552 2780 Schwartaius

98 2820 250 2900 magister
284 2819 421 2903 benigne
449 2839 500 2885 me
534 2820 643 2883 docuit
672 2821 815 2883 Plinium
846 2821 964 2883 secutis
997 2820 1090 2883 nobis
1125 2820 1328 2883 scribendum
1364 2837 1454 2884 esse:
1492 2816 1553 2898 „ael

98 2919 227 3007 πεφυκὸς
250 2920 298 2986 ἐπὶ
320 2930 371 2987 τοῦ
394 2924 539 3010 ὃένδροο.“
596 2924 655 2988 Oui
679 2925 828 3008 equidem
852 2924 1012 2987 adsentior
1035 2925 1108 3004 (nisi
1132 2929 1168 2986 ut
1190 2920 1239 2986 καὶ
1262 2921 1390 3012 πεφυκὸς
1415 2921 1472 2987 ἔτι
1497 2919 1554 2988 ἐπὶ

99 3031 150 3090 τοῦ
174 3027 291 3113 δένδρου
315 3029 452 3094 scribere
476 3030 607 3112 malim),
631 3050 705 3093 nam
728 3031 778 3094 his
801 3031 835 3092 in
857 3033 1044 3092 contextum
1067 3029 1202 3110 receptis
1220 3047 1269 3091 me
1290 3025 1424 3110 quidem
1449 3029 1554 3092 iudice

99 3134 206 3195 omnia
229 3132 310 3197 bene
334 3134 500 3216 quadrant.
1490 3116 1496 3127 '

205 3253 299 3317 Hanc
323 3256 555 3338 paragraphum
574 3257 653 3339 quin
671 3255 797 3319 Plinius
814 3275 855 3318 ex
869 3255 1082 3338 Theophrasto
1105 3256 1175 3338 ipso
1197 3254 1379 3336 sumpserit,
1403 3240 1553 3336 equidem

100 3378 163 3421 non
189 3359 309 3422 dubito,
344 3359 427 3423 Nam
451 3360 557 3425 verbis
580 3361 784 3444 Theophrasti
808 3362 854 3423 sic
878 3365 913 3423 ut
935 3361 1086 3442 proposui
1110 3359 1286 3422 emendatis
1303 3357 1410 3420 omnia
1435 3361 1554 3422 utrius·

102 3484 164 3547 que
188 3463 284 3529 verba
306 3465 400 3548 plane
425 3466 506 3528 inter
528 3485 562 3528 sc
585 3469 779 3548 congruunt,
802 3465 864 3526 nisi
889 3464 974 3546 quod
999 3463 1125 3526 Plinius
1147 3464 1240 3525 initio
1265 3454 1380 3524 adiecit
1403 3464 1552 3526 corticem

102 3588 231 3652 quoque
254 3588 323 3634 esse
346 3571 591 3651 crassissimum,
623 3569 707 3652 quod
740 3587 781 3633 ex
816 3569 885 3650 ipso
920 3568 1049 3630 nomine
1083 3566 1203 3630 arboris
1238 3567 1404 3631 desumere
1439 3568 1554 3649 potuit.

102 3673 165 3736 Hic
188 3694 301 3737 rursus
325 3674 451 3737 Plinius
474 3674 676 3736 commiscuit
698 3692 745 3753 ea,
769 3692 851 3757 quae
874 3672 1107 3755 Theophrastus
1139 3672 1177 3734 de
1200 3669 1378 3753 haliphloeo
1412 3675 1557 3754 atquae

104 3777 180 3838 dicit
203 3777 241 3840 de
272 3797 309 3841 ea
332 3777 452 3860 arbore,
483 3798 578 3861 quam
609 3777 798 3841 Macedones
828 3770 930 3861 ἅσπριν
962 3780 1085 3849 vocant,
1120 3782 1151 3838 et
1184 3775 1346 3838 transtulit
1379 3772 1420 3834 ad
1456 3793 1555 3837 unam
1590 3820 1592 3827 .

104 3881 326 3964 haliphloeum.
373 3882 462 3957 Quae
486 3882 546 3945 sub
575 3882 670 3946 finem
703 3881 889 3964 paragraphi
920 3879 1045 3944 Plinius
1076 3879 1161 3960 dicit,
1191 3878 1276 3962 apud
1305 3876 1555 3959 Theophrastum
1590 3900 1592 3905 ·

102 4005 166 4048 uon
189 3993 324 4049 exstant.

206 4106 295 4183 Quae
318 4107 443 4171 Plinius
466 4110 498 4170 in
524 4127 644 4191 paragr.
670 4107 710 4170 25
735 4107 812 4170 dicit
836 4106 874 4169 de
896 4104 1068 4188 glandibus
1098 4104 1138 4167 ad
1161 4123 1236 4167 sues
1259 4103 1388 4167 alendas
1419 4103 1557 4186 idoneis

106 4212 189 4295 apud
212 4211 462 4295 Theophrastum
486 4232 549 4275 non
574 4217 712 4293 exstant,
735 4216 765 4276 et
788 4210 914 4274 Plinius
936 4212 1005 4293 ipse
1027 4214 1187 4272 auctorem
1212 4207 1321 4270 laudat
1343 4206 1524 4289 Nigidium.

175 4401 224 4470 ΙΙΙ,
239 4408 301 4469 8,·6,
339 4401 489 4474 ΙΙηκῖόας
517 4404 549 4457 δὲ
576 4399 804 4475 πάντα-φέρει
927 4402 1002 4468 §26-
1044 4398 1116 4463 Quae
1145 4394 1267 4463 glandem
1298 4397 1413 4448 ferunt
1442 4413 1559 4452 omues

104 4488 141 4542 τὰ
160 4493 251 4562 γένη,
272 4487 338 4561 μόνη
359 4491 386 4544 δὲ
411 4491 459 4548 εἰς
484 4488 521 4543 τὰ
546 4490 697 4560 δέρματα
722 4508 804 4562 χρη.
857 4489 889 4540 et
913 4484 1037 4554 gellam
1061 4483 1225 4550 alternisque
1250 4483 1327 4535 annis
1352 4481 1485 4551 glandem,
1514 4484 1560 4539 sed

104 4577 205 4648 0qu
232 4573 249 4648 ἦ
277 4573 376 4648 ipsanio
409 4573 443 4629 ‘ll
468 4578 501 4630 δὲ
525 4581 572 4648 τῆς
596 4576 735 4647 alpheam
761 4577 806 4627 ani
858 4571 982 4640 gallam
1018 4569 1169 4624 hemeris
1211 4571 1346 4637 optumam
1384 4571 1412 4621 ot
1448 4571 1560 4624 coriis

104 4657 805 4735 τῆςπλατνφύλλουτῇμὲνὸψειπαρομοία
858 4657 1095 4727 perficiendis
1130 4656 1363 4724 aptissimam,
1404 4654 1560 4710 similem

104 4753 142 4821 τῇ
179 4754 242 4820 fa„
284 4745 458 4822 ἡμερίδος,
501 4747 584 4820 πλὴν
630 4749 804 4820 λειοτέρα,
858 4745 940 4799 huic
970 4741 1142 4810 latifolia,
1173 4743 1231 4798 sed
1262 4742 1430 4797 leviorem
1458 4743 1559 4801 multo·
