3292 5436
804 116 847 182 80

99 323 187 406 quod
210 323 358 404 accidit‘,
388 342 463 386 cum
486 322 613 389 Plinius
643 325 728 389 dicat
755 325 842 388 illam
865 323 1008 388 arborem
1030 324 1158 388 fatalem
1181 326 1280 390 luisse
1304 327 1439 390 excidio
1463 347 1486 390 u

93 446 193 509 qnam
212 429 391 510 perituram
407 446 476 492 esse
492 429 615 493 incolae
626 430 816 512 praemoniti
834 433 952 509 essent,
972 447 1045 492 cum
1058 428 1151 493 arbor
1162 449 1250 493 arma
1261 432 1455 513 peperisset,
1476 451 1487 514 ς

96 532 239 595 succisae
251 532 426 595 accidisset.
456 531 555 595 Hunc
570 533 752 596 dissensum
765 537 870 596 ortum
883 551 953 597 esse
964 533 1168 616 neglegentia
1181 533 1280 599 Plinii
1292 553 1361 598 non
1374 542 1473 618 puto;
1486 556 1487 597 3

93 634 134 697 ad
158 654 319 699 conexum
344 637 575 699 sententiarum
598 644 681 701 certe
697 636 812 700 melius
833 636 970 719 quadrat
984 635 1159 720 oraculum,
1182 638 1268 722 quod
1284 638 1417 703 Plinius
1433 659 1487 722 pra

95 757 195 820 quam
218 739 253 801 id
276 739 365 822 quod
386 738 630 822 Theophrastus.
676 739 729 804 Me
752 740 883 823 quidem
904 741 1013 804 iudice
1034 741 1070 803 in
1094 743 1222 805 oraculo
1246 743 1414 806 exstitisse
1433 743 1487 825 alic

103 841 196 905 debet
224 842 265 905 de
292 848 388 926 partu
415 843 504 907 illius
534 843 663 906 arboris.
709 842 815 919 Quare
843 849 968 927 praeter
997 845 1086 908 illam
1115 845 1278 927 lacunam,
1309 847 1349 910 de
1374 867 1441 929 qua
1463 867 1487 910 st

94 945 177 1027 dixi,
209 947 304 1009 etiam
329 946 416 1010 aliud
439 948 554 1011 vitium
578 947 655 1010 huic
676 948 746 1011 loco
769 950 876 1012 inesse
898 954 987 1030 pute,
1017 950 1072 1012 sed
1107 951 1266 1032 quomodo
1300 952 1481 1014 sanandum

96 1049 204 1112 adhuc
225 1068 291 1113 non
316 1051 418 1115 video.

204 1170 294 1247 Quae
319 1179 473 1237 secuntur
495 1173 582 1256 apud
604 1172 747 1235 Plinium
771 1193 876 1256 usque
898 1175 938 1238 ad
958 1195 1082 1259 paragr.
1099 1176 1173 1258 202,
1196 1151 1283 1259 apud
1303 1177 1487 1260 Theophrasl

97 1295 163 1338 non
186 1282 315 1340 exstant
338 1283 370 1341 et
391 1276 504 1340 Latino
528 1279 650 1340 auctori
672 1276 839 1340 debentur.

162 1448 196 1513 V,
221 1453 247 1516 7,
272 1453 296 1504 l.
331 1443 415 1502 Ἔνιοι
440 1449 468 1502 δὲ
493 1447 620 1508 καὶτὰς
645 1447 797 1523 τριήρεις
919 1453 935 1519 §
963 1455 1025 1510 203,
1077 1453 1121 1504 At
1154 1453 1191 1505 in
1223 1452 1347 1522 Aegypto
1383 1470 1420 1506 ae
1454 1454 1487 1522 Sy

90 1535 148 1590 διὰ
177 1537 214 1589 το
242 1534 285 1607 μὴ
313 1530 472 1608 εὐπορεῖν
506 1532 637 1608 ἐλάτης.
693 1533 729 1590 Ol
764 1537 797 1590 δὲ
850 1552 926 1604 reges
949 1537 1072 1606 inopia
1096 1538 1349 1594 abietieoedro
1367 1541 1408 1593 ad
1426 1540 1487 1594 clas

91 1621 179 1677 κατὰ
208 1621 331 1696 Συρίαν
368 1624 412 1676 καὶ
443 1621 567 1695 Φοινίκην
601 1624 637 1676 ἐκ
666 1624 797 1696 κέδρου.
850 1624 1013 1678 feruntur
1043 1625 1108 1680 usi.
1162 1642 1289 1680 maxuma
1318 1643 1350 1679 ea
1379 1627 1415 1680 in
1444 1627 1483 1696 Cy

94 1711 242 1771 σπανίζουσι
261 1708 308 1783 γὰρ
327 1711 372 1763 καὶ
390 1710 487 1769 πίτυος.
850 1711 1018 1779 traditur,
1040 1713 1080 1765 ad
1105 1712 1363 1767 undeciremem
1385 1714 1487 1768 Demel

161 1814 195 1881 v,
214 1819 239 1881 3,
259 1820 283 1873 1⁸
314 1812 433 1888 Ἑκάστη
453 1816 481 1870 δὲ
499 1820 545 1886 τῆς
563 1792 739 1887 ὅλης,’ὥσπερ
752 1816 797 1868 καὶ
850 1798 1004 1866 succisa,
1029 1801 1138 1852 eentum
1161 1799 1273 1868 triginta
1290 1801 1400 1869 pedum,
1423 1816 1487 1855 oras

93 1899 219 1975 πρότερον
243 1902 350 1977 ἐλέχθη,
376 1904 492 1977 διαφέρει
517 1900 587 1956 κατὰ
610 1899 671 1961 τοὺς
689 1898 797 1960 τόπους·
851 1885 1115 1971 111ᾱ11113,1910
1157 1887 1196 1940 ad
1231 1887 1339 1941 11111111
1381 1888 1484 1943 homin

94 1988 157 2043 ἔνθα
181 1992 228 2060 μὲν
252 1987 300 2062 γὰρ
325 1988 414 2054 λακτὸς,
441 1988 506 2043 ἔνθα
533 1989 560 2042 δὲ
585 1989 677 2062 κε’δρος
703 1989 798 2061 γίνεται
851 1971 1074 2040 complexum.

90 2075 239 2148 θαυμαστὴ,
258 2073 378 2149 καθάπερ
391 2078 436 2131 καὶ
449 2077 508 2149 περὶ
521 2073 625 2148 Συρίαν.
658 2071 705 2128 Ἔν
718 2073 799 2147 Συρία

89 2160 140 2236 γὰρ
160 2165 188 2216 ἐν
206 2170 260 2223 τοῖς
279 2159 348 2237 ὄρεσι
366 2164 523 2237 διαφέροντα
541 2164 637 2233 γίνεται
655 2160 688 2214 τὰ
707 2162 799 2234 δένδρα

90 2254 139 2320 τῆς
156 2251 251 2323 κέδρου
275 2252 319 2304 καὶ
343 2255 381 2322 τῷ
402 2245 462 2322 ὕψει
484 2251 529 2303 καὶ
552 2254 589 2321 τῷ
609 2246 702 2323 πάχει·
727 2249 799 2320 τηλι·

92 2341 178 2391 aerim
205 2334 253 2411 γάρ
281 2339 362 2401 ἐστιν,
396 2332 468 2391 ὥστ’
487 2338 560 2392 ἔνια
587 2339 645 2408 μὲν
674 2333 717 2408 μὴ
744 2331 798 2391 δυ’-

92 2424 216 2478 νααδαι
241 2431 331 2498 τρεῖς
358 2420 484 2498 ἄνδρας
511 2420 797 2499 περιλαμβάνειν·

90 2512 119 2564 ἐν
138 2512 166 2566 δὲ
188 2519 242 2572 τοῖς
265 2512 430 2586 παραδείσοις
456 2513 493 2566 ἔτι
517 2512 596 2583 μείζω
621 2513 666 2565 καὶ
690 2511 797 2563 scaldim.

88 2594 218 2654 Φαίνεται
241 2600 276 2664 δὲ,
302 2597 346 2653 ἐάν
369 2619 408 2659 τις
431 2600 462 2671 ἐᾷ
484 2600 529 2652 καὶ
548 2596 585 2670 μὴ
602 2599 694 2669 τέμνη,
717 2593 797 2650 τόπον

89 2687 185 2740 οἰκεῖον
211 2687 320 2740 ἕκαστον
347 2687 422 2760 ἔχον,
450 2685 565 2757 γίνεσθαι
589 2681 739 2755 θαυμαστὸν
763 2689 801 2753 τῷ

88 2770 169 2843 με’,κει
193 2775 238 2826 καὶ
264 2770 352 2847 ποίχει.
404 2768 456 2825 Ἐν
483 2767 609 2842 Κάπρῳ
642 2774 720 2841 γοῦν
749 2765 797 2822 οὐκ

91 2859 198 2929 ἔτεμνον
227 2859 250 2911 οἰ
278 2859 389 2930 βασιλεῖς
422 2853 477 2929 ἅμα
505 2860 551 2928 μὲν
578 2859 719 2929 τηροῦντες
752 2857 797 2909 καὶ

90 2943 281 3018 ταμιευόμενοι,
308 2940 363 3016 ἅμα
386 2946 414 2999 δὲ
438 2946 482 2998 καὶ
506 2941 549 2999 διὰ
572 2942 602 2998 τδ
626 2940 797 3015 δυσκόμιστον

91 3033 164 3086 εἶναι.
200 3030 319 3104 Μῆκος
343 3035 401 3104 μὲν
423 3028 456 3104 ἦν
474 3037 538 3085 τῶν
557 3032 608 3090 είς
626 3029 685 3102 τὴν
704 3032 797 3085 ἑνδε-

90 3116 177 3192 κηρη
201 3116 260 3191 τὴν
281 3117 479 3192 Δημητρίου
502 3118 704 3190 τμηθέντων
728 3138 798 3191 τρια-

89 3203 310 3280 καιδεκαόρρυιον.

195 3347 259 3410 Hic
291 3347 351 3411 etsi
385 3343 512 3409 Plinius
542 3346 577 3408 in
608 3347 757 3428 Aegypto
790 3364 919 3428 quoque
951 3344 1062 3408 classis
1092 3343 1161 3408 fieri
1191 3363 1233 3408 ex
1261 3346 1393 3408 materie
1426 3346 1487 3409 ced

96 3450 181 3533 dicit,
205 3451 290 3535 quod
306 3448 543 3532 Theophrastus
565 3469 630 3512 non
655 3448 796 3531 praebet,
818 3454 926 3514 tamen
949 3454 1034 3512 certe
1055 3454 1135 3531 puto
1158 3467 1233 3512 eum
1247 3446 1468 3530 Theophrasto
1486 3472 1487 3476 ¹

91 3573 190 3619 usum
214 3573 294 3636 esse,
317 3573 392 3618 cum
416 3552 555 3637 pessime
578 3553 650 3615 eius
675 3551 773 3615 verba
795 3553 986 3617 confuderit.
1031 3552 1131 3636 Apud
1145 3551 1399 3635 Theophrastum
1415 3553 1487 3638 legi:

91 3659 183 3723 haec:
231 3656 389 3741 „Videtur
423 3654 683 3738 unumquodque
722 3656 872 3720 arborum
899 3676 1020 3740 gemm,
1057 3657 1085 3720 si
1119 3657 1193 3739 quis
1221 3657 1306 3719 sinat
1336 3674 1398 3719 nec
1435 3677 1487 3722 cac

92 3764 203 3827 miram
227 3764 262 3828 in
285 3760 525 3847 longitudinem
556 3767 588 3823 et
614 3761 868 3839 crassitudinem,
891 3761 986 3825 modo
1016 3762 1069 3824 sui
1096 3761 1262 3844 proprium
1293 3759 1399 3823 solum
1429 3763 1487 3826 hal

89 3885 273 3932 excrescere
309 3882 412 3952 posse.
470 3863 509 3928 In
546 3863 662 3948 prm,
696 3866 783 3949 quod
815 3884 907 3949 reges
939 3866 1102 3928 materiem
1132 3884 1199 3928 non
1230 3862 1468 3928 caedebant..

91 3989 213 4053 eurum,
247 3988 331 4056 ηυιιο
354 3970 394 4036 ad
417 3968 659 4034 undeciremem
682 3967 836 4034 Demetrii
864 3987 974 4032 caesae
1005 3975 1093 4051 sunt,
1123 3967 1273 4032 arborum
1295 3968 1471 4051 longitudo

91 4074 241 4140 tredecim
273 4072 455 4139 reluctarit
515 4071 605 4150 Quae
634 4076 694 4139 hae
723 4073 850 4139 arbores
878 4072 978 4136 sunt?
1039 4071 1159 4136 Codrus
1191 4089 1243 4135 me
1278 4070 1411 4154 quidem
1446 4076 1485 4137 in

95 4183 179 4244 certe
211 4197 276 4244 non
308 4182 365 4260 cst,
399 4195 469 4243 oum
503 4179 589 4242 enim
623 4178 657 4241 in
680 4176 773 4258 Syria
800 4179 953 4261 optimam
984 4195 1054 4240 esse
1081 4181 1175 4240 antea
1196 4175 1434 4258 Theophrastus
1465 4179 1485 4242 d

89 4281 206 4347 deinde
240 4281 365 4348 transiit
402 4280 442 4347 ud
480 4281 739 4365 unumquodque
780 4282 930 4346 arborum
972 4299 1085 4364 genus
1141 4279 1283 4343 Oculatis
1315 4279 1436 4363 verbis,
1474 4304 1487 4366 c

89 4389 219 4451 exstant
241 4385 272 4469 7,
304 4386 336 4451 l:
369 4383 424 4461 „tlt
448 4381 476 4451 δ’
496 4385 526 4451 δν
551 4383 663 4470 Ku'rrpm
692 4381 791 4458 πίτυος
823 4388 879 4465 (sc.
901 4389 1017 4449 τοιοδοι
1043 4383 1095 4456 τὰς
1123 4381 1276 4470 τριήρεις)·
1305 4381 1420 4468 ταύτην
1450 4386 1487 4470 poi

88 4493 175 4574 νῆσος
199 4486 278 4577 ίχιι·
310 4484 358 4554 καί
382 4490 465 4555 δοκεῖ
486 4485 624 4577 κρείττων
647 4485 721 4554 εἶναι
742 4493 794 4573 τῆς
816 4486 944 4573 πείκης“
973 4489 1125 4572 equidem
1152 4507 1220 4551 non
1251 4487 1375 4570 dubito,
1409 4493 1487 4572 quin

90 4593 173 4658 hanc
211 4592 384 4679 pruoolpuo
423 4592 567 4659 arborem
610 4593 662 4657 hic
702 4612 832 4678 quoque
866 4593 957 4658 locus
992 4594 1159 4677 pertineat
1215 4591 1345 4656 Plinius
1384 4591 1487 4659 falsiss

89 4696 244 4783 deooptus
280 4696 330 4779 lla,
366 4715 448 4783 ηιιοο
478 4696 682 4779 antecedunt,
716 4697 793 4763 haee
824 4697 934 4763 rotulit
964 4696 1005 4762 ad
1034 4697 1166 4762 cedrum
1198 4701 1229 4760 et
1258 4693 1342 4760 hanc
1376 4696 1415 4760 in
1452 4697 1487 4780 Ο]
