<?xml version="1.0" encoding="UTF-8"?>
<!DOCTYPE html PUBLIC "-//W3C//DTD XHTML 1.0 Transitional//EN"
    "http://www.w3.org/TR/xhtml1/DTD/xhtml1-transitional.dtd">
<html xmlns="http://www.w3.org/1999/xhtml" xml:lang="en" lang="en">
 <head>
  <title>
</title>
<meta http-equiv="Content-Type" content="text/html;charset=utf-8" />
  <meta name='ocr-system' content='tesseract 3.04.00' />
  <meta name='ocr-capabilities' content='ocr_page ocr_carea ocr_par ocr_line ocrx_word'/>
</head>
<body>
  <div class='ocr_page' id='page_1' title='image "./derationequaein00renjgoog_0031.png"; bbox 0 0 3292 5436; ppageno 0'>
   <div class='ocr_carea' id='block_1_1' title="bbox 846 144 889 209">
    <p class='ocr_par' dir='ltr' id='par_1_1' title="bbox 846 144 889 209">
     <span class='ocr_line' id='line_1_1' title="bbox 846 144 889 209; baseline -0.023 0"><span class='ocrx_word' id='word_1_1' title='bbox 846 144 889 209; x_wconf 81' lang='lat'>26</span> 
     </span>
    </p>
   </div>
   <div class='ocr_carea' id='block_1_2' title="bbox 138 348 1599 645">
    <p class='ocr_par' dir='ltr' id='par_1_2' title="bbox 138 348 1599 645">
     <span class='ocr_line' id='line_1_2' title="bbox 138 348 1596 437; baseline -0.002 -21"><span class='ocrx_word' id='word_1_2' title='bbox 138 371 273 436; x_wconf 85' lang='lat' dir='ltr'>genera:</span> <span class='ocrx_word' id='word_1_3' title='bbox 301 352 488 437; x_wconf 80' lang='grc' dir='ltr'>σρένδαμνον,</span> <span class='ocrx_word' id='word_1_4' title='bbox 514 371 596 436; x_wconf 87' lang='lat' dir='ltr'>quac</span> <span class='ocrx_word' id='word_1_5' title='bbox 618 353 744 435; x_wconf 87' lang='lat' dir='ltr'>proprie</span> <span class='ocrx_word' id='word_1_6' title='bbox 768 353 895 433; x_wconf 86' lang='lat' dir='ltr'>dicitur,</span> <span class='ocrx_word' id='word_1_7' title='bbox 918 356 949 416; x_wconf 89' lang='lat' dir='ltr'>et</span> <span class='ocrx_word' id='word_1_8' title='bbox 971 348 1080 434; x_wconf 74' lang='grc' dir='ltr'>ξογίαν,</span> <span class='ocrx_word' id='word_1_9' title='bbox 1104 352 1194 415; x_wconf 90' lang='lat' dir='ltr'>illius</span> <span class='ocrx_word' id='word_1_10' title='bbox 1216 371 1331 415; x_wconf 89' lang='lat' dir='ltr'>rursus</span> <span class='ocrx_word' id='word_1_11' title='bbox 1354 352 1435 416; x_wconf 91' lang='lat' dir='ltr'>duas</span> <span class='ocrx_word' id='word_1_12' title='bbox 1461 352 1596 435; x_wconf 88' lang='lat' dir='ltr'>species:</span> 
     </span>
     <span class='ocr_line' id='line_1_3' title="bbox 138 451 1599 542; baseline 0 -23"><span class='ocrx_word' id='word_1_13' title='bbox 138 451 236 542; x_wconf 76' lang='grc' dir='ltr'>ὄρειον</span> <span class='ocrx_word' id='word_1_14' title='bbox 260 462 290 521; x_wconf 88' lang='lat' dir='ltr'>et</span> <span class='ocrx_word' id='word_1_15' title='bbox 313 456 439 541; x_wconf 68' lang='grc' dir='ltr'>πεδινήν.</span> <span class='ocrx_word' id='word_1_16' title='bbox 484 454 611 520; x_wconf 88' lang='lat' dir='ltr'>Plinius</span> <span class='ocrx_word' id='word_1_17' title='bbox 634 457 693 523; x_wconf 85' lang='lat' dir='ltr'>hec</span> <span class='ocrx_word' id='word_1_18' title='bbox 716 477 749 520; x_wconf 92' lang='lat' dir='ltr'>re</span> <span class='ocrx_word' id='word_1_19' title='bbox 771 457 915 539; x_wconf 86' lang='lat' dir='ltr'>neglecta</span> <span class='ocrx_word' id='word_1_20' title='bbox 943 457 1003 520; x_wconf 87' lang='lat' dir='ltr'>tria</span> <span class='ocrx_word' id='word_1_21' title='bbox 1030 474 1148 538; x_wconf 80' lang='lat' dir='ltr'>genera</span> <span class='ocrx_word' id='word_1_22' title='bbox 1177 457 1255 519; x_wconf 86' lang='lat' dir='ltr'>haec</span> <span class='ocrx_word' id='word_1_23' title='bbox 1284 474 1353 520; x_wconf 89' lang='lat' dir='ltr'>esse</span> <span class='ocrx_word' id='word_1_24' title='bbox 1383 456 1483 519; x_wconf 90' lang='lat' dir='ltr'>dicit:</span> <span class='ocrx_word' id='word_1_25' title='bbox 1521 475 1599 519; x_wconf 86' lang='lat' dir='ltr'>cam·</span> 
     </span>
     <span class='ocr_line' id='line_1_4' title="bbox 138 561 635 645; baseline -0.01 -19"><span class='ocrx_word' id='word_1_26' title='bbox 138 568 253 645; x_wconf 88' lang='lat' dir='ltr'>pestre,</span> <span class='ocrx_word' id='word_1_27' title='bbox 275 566 476 642; x_wconf 85' lang='lat' dir='ltr'>montanum,</span> <span class='ocrx_word' id='word_1_28' title='bbox 500 561 635 643; x_wconf 74' lang='lat' dir='ltr'>hygiam.</span> 
     </span>
    </p>
   </div>
   <div class='ocr_carea' id='block_1_3' title="bbox 138 680 1640 1077">
    <p class='ocr_par' dir='ltr' id='par_1_3' title="bbox 138 680 1640 1077">
     <span class='ocr_line' id='line_1_5' title="bbox 246 680 1601 765; baseline 0 -20"><span class='ocrx_word' id='word_1_29' title='bbox 246 681 355 747; x_wconf 80' lang='lat' dir='ltr'>Cetera</span> <span class='ocrx_word' id='word_1_30' title='bbox 390 683 559 765; x_wconf 88' lang='lat' dir='ltr'>utriusque</span> <span class='ocrx_word' id='word_1_31' title='bbox 592 680 689 744; x_wconf 80' lang='lat' dir='ltr'>verba</span> <span class='ocrx_word' id='word_1_32' title='bbox 726 681 820 763; x_wconf 89' lang='lat' dir='ltr'>plane</span> <span class='ocrx_word' id='word_1_33' title='bbox 858 687 1052 764; x_wconf 85' lang='lat' dir='ltr'>congruunt,</span> <span class='ocrx_word' id='word_1_34' title='bbox 1091 681 1153 744; x_wconf 89' lang='lat' dir='ltr'>nisi</span> <span class='ocrx_word' id='word_1_35' title='bbox 1193 682 1279 764; x_wconf 91' lang='lat' dir='ltr'>quod</span> <span class='ocrx_word' id='word_1_36' title='bbox 1318 680 1446 744; x_wconf 84' lang='lat' dir='ltr'>Plinius</span> <span class='ocrx_word' id='word_1_37' title='bbox 1489 681 1601 745; x_wconf 87' lang='lat' dir='ltr'>adiecit</span> 
     </span>
     <span class='ocr_line' id='line_1_6' title="bbox 141 784 1640 870; baseline -0.001 -20"><span class='ocrx_word' id='word_1_38' title='bbox 141 786 253 867; x_wconf 84' lang='lat' dir='ltr'>„fissili</span> <span class='ocrx_word' id='word_1_39' title='bbox 274 787 392 870; x_wconf 61' lang='lat' dir='ltr'>lignet‘,</span> <span class='ocrx_word' id='word_1_40' title='bbox 422 805 504 868; x_wconf 90' lang='lat' dir='ltr'>quae</span> <span class='ocrx_word' id='word_1_41' title='bbox 537 785 624 849; x_wconf 91' lang='lat' dir='ltr'>unde</span> <span class='ocrx_word' id='word_1_42' title='bbox 655 787 836 866; x_wconf 83' lang='lat' dir='ltr'>sumpserit,</span> <span class='ocrx_word' id='word_1_43' title='bbox 870 785 1020 868; x_wconf 82' lang='lat' dir='ltr'>equidem</span> <span class='ocrx_word' id='word_1_44' title='bbox 1050 785 1138 848; x_wconf 90' lang='lat' dir='ltr'>haud</span> <span class='ocrx_word' id='word_1_45' title='bbox 1165 786 1327 869; x_wconf 76' lang='lat' dir='ltr'>intellege,</span> <span class='ocrx_word' id='word_1_46' title='bbox 1360 787 1425 847; x_wconf 91' lang='lat' dir='ltr'>nisi</span> <span class='ocrx_word' id='word_1_47' title='bbox 1461 784 1602 867; x_wconf 88' lang='lat' dir='ltr'>fortasse,</span> <span class='ocrx_word' id='word_1_48' title='bbox 1638 834 1640 839; x_wconf 84' lang='lat'><em>.</em></span> 
     </span>
     <span class='ocr_line' id='line_1_7' title="bbox 138 887 1640 973; baseline -0.003 -22"><span class='ocrx_word' id='word_1_49' title='bbox 138 909 215 952; x_wconf 91' lang='lat' dir='ltr'>cum</span> <span class='ocrx_word' id='word_1_50' title='bbox 238 890 474 973; x_wconf 84' lang='lat' dir='ltr'>Theophrastus</span> <span class='ocrx_word' id='word_1_51' title='bbox 499 890 583 952; x_wconf 91' lang='lat' dir='ltr'>dicat</span> <span class='ocrx_word' id='word_1_52' title='bbox 605 889 679 952; x_wconf 86' lang='lat' dir='ltr'>folia</span> <span class='ocrx_word' id='word_1_53' title='bbox 704 907 773 952; x_wconf 90' lang='lat' dir='ltr'>esse</span> <span class='ocrx_word' id='word_1_54' title='bbox 796 887 881 972; x_wconf 89' lang='lat' dir='ltr'>fissa,</span> <span class='ocrx_word' id='word_1_55' title='bbox 902 888 1030 953; x_wconf 86' lang='lat' dir='ltr'>Plinius</span> <span class='ocrx_word' id='word_1_56' title='bbox 1053 891 1132 952; x_wconf 91' lang='lat' dir='ltr'>haec</span> <span class='ocrx_word' id='word_1_57' title='bbox 1160 889 1329 953; x_wconf 88' lang='lat' dir='ltr'>falsissime</span> <span class='ocrx_word' id='word_1_58' title='bbox 1351 888 1553 952; x_wconf 85' lang='lat' dir='ltr'>intellexerit</span> <span class='ocrx_word' id='word_1_59' title='bbox 1574 894 1603 952; x_wconf 91' lang='lat' dir='ltr'>et</span> <span class='ocrx_word' id='word_1_60' title='bbox 1638 942 1640 947; x_wconf 16' lang='grc' dir='ltr'><em>Α</em></span> 
     </span>
     <span class='ocr_line' id='line_1_8' title="bbox 142 991 1604 1077; baseline 0 -23"><span class='ocrx_word' id='word_1_61' title='bbox 142 993 218 1055; x_wconf 93' lang='lat' dir='ltr'>inde</span> <span class='ocrx_word' id='word_1_62' title='bbox 242 994 372 1057; x_wconf 79' lang='lat' dir='ltr'>duxerit</span> <span class='ocrx_word' id='word_1_63' title='bbox 397 993 514 1077; x_wconf 89' lang='lat' dir='ltr'>„fissile</span> <span class='ocrx_word' id='word_1_64' title='bbox 537 994 690 1077; x_wconf 80' lang='lat' dir='ltr'>lignum.“</span> <span class='ocrx_word' id='word_1_65' title='bbox 715 1029 757 1038; x_wconf 89' lang='lat'>—-</span> <span class='ocrx_word' id='word_1_66' title='bbox 782 991 871 1068; x_wconf 76' lang='lat' dir='ltr'>Quae</span> <span class='ocrx_word' id='word_1_67' title='bbox 895 993 955 1056; x_wconf 91' lang='lat' dir='ltr'>sub</span> <span class='ocrx_word' id='word_1_68' title='bbox 978 993 1077 1058; x_wconf 92' lang='lat' dir='ltr'>finem</span> <span class='ocrx_word' id='word_1_69' title='bbox 1101 993 1228 1057; x_wconf 90' lang='lat' dir='ltr'>Plinius</span> <span class='ocrx_word' id='word_1_70' title='bbox 1258 994 1346 1074; x_wconf 91' lang='lat' dir='ltr'>dicit,</span> <span class='ocrx_word' id='word_1_71' title='bbox 1376 993 1485 1075; x_wconf 91' lang='lat' dir='ltr'>ipsius</span> <span class='ocrx_word' id='word_1_72' title='bbox 1510 991 1604 1056; x_wconf 87' lang='lat' dir='ltr'>verba</span> 
     </span>
    </p>
   </div>
   <div class='ocr_carea' id='block_1_4' title="bbox 138 1097 391 1161">
    <p class='ocr_par' dir='ltr' id='par_1_4' title="bbox 138 1097 391 1161">
     <span class='ocr_line' id='line_1_9' title="bbox 138 1097 391 1161; baseline 0.004 -1"><span class='ocrx_word' id='word_1_73' title='bbox 138 1113 209 1160; x_wconf 88' lang='lat' dir='ltr'>esse</span> <span class='ocrx_word' id='word_1_74' title='bbox 232 1097 391 1161; x_wconf 87' lang='lat' dir='ltr'>videntur.</span> 
     </span>
    </p>
   </div>
   <div class='ocr_carea' id='block_1_5' title="bbox 248 1216 1601 1317">
    <p class='ocr_par' dir='ltr' id='par_1_5' title="bbox 248 1216 1601 1317">
     <span class='ocr_line' id='line_1_10' title="bbox 248 1216 1601 1317; baseline -0.002 -36"><span class='ocrx_word' id='word_1_75' title='bbox 248 1216 336 1293; x_wconf 76' lang='lat' dir='ltr'>Quae</span> <span class='ocrx_word' id='word_1_76' title='bbox 358 1221 392 1281; x_wconf 92' lang='lat' dir='ltr'>in</span> <span class='ocrx_word' id='word_1_77' title='bbox 415 1239 536 1317; x_wconf 82' lang='lat' dir='ltr'>paragr.</span> <span class='ocrx_word' id='word_1_78' title='bbox 555 1219 596 1283; x_wconf 84' lang='grc'>68</span> <span class='ocrx_word' id='word_1_79' title='bbox 614 1223 645 1282; x_wconf 91' lang='lat' dir='ltr'>et</span> <span class='ocrx_word' id='word_1_80' title='bbox 661 1218 702 1283; x_wconf 84' lang='grc'>69</span> <span class='ocrx_word' id='word_1_81' title='bbox 726 1218 852 1281; x_wconf 89' lang='lat' dir='ltr'>Plinius</span> <span class='ocrx_word' id='word_1_82' title='bbox 876 1216 963 1299; x_wconf 91' lang='lat' dir='ltr'>dicit,</span> <span class='ocrx_word' id='word_1_83' title='bbox 987 1219 1072 1300; x_wconf 89' lang='lat' dir='ltr'>apud</span> <span class='ocrx_word' id='word_1_84' title='bbox 1095 1218 1345 1302; x_wconf 81' lang='lat' dir='ltr'>Theophrastum</span> <span class='ocrx_word' id='word_1_85' title='bbox 1369 1237 1436 1281; x_wconf 92' lang='lat' dir='ltr'>non</span> <span class='ocrx_word' id='word_1_86' title='bbox 1461 1221 1601 1282; x_wconf 80' lang='lat' dir='ltr'>exstant.</span> 
     </span>
    </p>
   </div>
   <div class='ocr_carea' id='block_1_6' title="bbox 137 1440 842 1666">
    <p class='ocr_par' dir='ltr' id='par_1_6' title="bbox 137 1440 842 1666">
     <span class='ocr_line' id='line_1_11' title="bbox 208 1440 841 1509; baseline 0.003 -17"><span class='ocrx_word' id='word_1_87' title='bbox 208 1440 251 1492; x_wconf 78' lang='lat' dir='ltr'>Ex</span> <span class='ocrx_word' id='word_1_88' title='bbox 281 1440 438 1495; x_wconf 89' lang='lat' dir='ltr'>nominibus</span> <span class='ocrx_word' id='word_1_89' title='bbox 474 1442 641 1509; x_wconf 73' lang='lat' dir='ltr'>„Gallicum‘</span> <span class='ocrx_word' id='word_1_90' title='bbox 679 1441 841 1508; x_wconf 82' lang='lat' dir='ltr'>„nostratis“</span> 
     </span>
     <span class='ocr_line' id='line_1_12' title="bbox 138 1525 842 1582; baseline 0 -2"><span class='ocrx_word' id='word_1_91' title='bbox 138 1525 270 1580; x_wconf 91' lang='lat' dir='ltr'>concludo</span> <span class='ocrx_word' id='word_1_92' title='bbox 294 1527 341 1580; x_wconf 93' lang='lat' dir='ltr'>hic</span> <span class='ocrx_word' id='word_1_93' title='bbox 366 1527 462 1582; x_wconf 86' lang='lat' dir='ltr'>Latino</span> <span class='ocrx_word' id='word_1_94' title='bbox 486 1531 592 1582; x_wconf 86' lang='lat' dir='ltr'>auctore</span> <span class='ocrx_word' id='word_1_95' title='bbox 617 1527 737 1582; x_wconf 89' lang='lat' dir='ltr'>Plinium</span> <span class='ocrx_word' id='word_1_96' title='bbox 761 1543 842 1582; x_wconf 89' lang='lat' dir='ltr'>usum</span> 
     </span>
     <span class='ocr_line' id='line_1_13' title="bbox 137 1628 205 1666; baseline -0.029 -1"><span class='ocrx_word' id='word_1_97' title='bbox 137 1628 205 1666; x_wconf 89' lang='lat' dir='ltr'>esse.</span> 
     </span>
    </p>
   </div>
   <div class='ocr_carea' id='block_1_7' title="bbox 136 2041 753 2193">
    <p class='ocr_par' dir='ltr' id='par_1_7' title="bbox 136 2041 841 2193">
     <span class='ocr_line' id='line_1_14' title="bbox 210 2041 753 2121; baseline -0.003 -20"><span class='ocrx_word' id='word_1_98' title='bbox 210 2041 236 2110; x_wconf 77' lang='lat'>1,</span> <span class='ocrx_word' id='word_1_99' title='bbox 257 2051 281 2111; x_wconf 83' lang='lat'>9,</span> <span class='ocrx_word' id='word_1_100' title='bbox 304 2051 328 2103; x_wconf 88' lang='lat'>3.</span> <span class='ocrx_word' id='word_1_101' title='bbox 370 2042 509 2120; x_wconf 75' lang='grc' dir='ltr'>ἁείρολλα·</span> <span class='ocrx_word' id='word_1_102' title='bbox 533 2052 582 2102; x_wconf 78' lang='grc' dir='ltr'>τῶν</span> <span class='ocrx_word' id='word_1_103' title='bbox 608 2048 635 2101; x_wconf 82' lang='grc' dir='ltr'>δὲ</span> <span class='ocrx_word' id='word_1_104' title='bbox 661 2045 753 2121; x_wconf 85' lang='grc' dir='ltr'>ἀγρίων</span> 
     </span>
     <span class='ocr_line' id='line_1_15' title="bbox 136 2129 224 2193; baseline -0.034 -8"><span class='ocrx_word' id='word_1_105' title='bbox 136 2129 224 2193; x_wconf 65' lang='grc' dir='ltr'>πύξος.</span> 
     </span>
    </p>
   </div>
   <div class='ocr_carea' id='block_1_8' title="bbox 107 2302 845 2988">
    <p class='ocr_par' dir='ltr' id='par_1_8' title="bbox 107 2302 845 2988">
     <span class='ocr_line' id='line_1_16' title="bbox 209 2302 842 2376; baseline 0.005 -20"><span class='ocrx_word' id='word_1_106' title='bbox 209 2309 256 2371; x_wconf 80' lang='grc' dir='ltr'>ΙΙΙ,</span> <span class='ocrx_word' id='word_1_107' title='bbox 277 2309 317 2371; x_wconf 82' lang='lat'>15,</span> <span class='ocrx_word' id='word_1_108' title='bbox 333 2310 357 2362; x_wconf 86' lang='lat'>5.</span> <span class='ocrx_word' id='word_1_109' title='bbox 380 2302 416 2358; x_wconf 69' lang='lat' dir='ltr'>‘ll</span> <span class='ocrx_word' id='word_1_110' title='bbox 444 2305 472 2359; x_wconf 80' lang='grc' dir='ltr'>δὲ</span> <span class='ocrx_word' id='word_1_111' title='bbox 498 2303 576 2365; x_wconf 69' lang='grc' dir='ltr'>πύξος</span> <span class='ocrx_word' id='word_1_112' title='bbox 605 2306 711 2376; x_wconf 75' lang='grc' dir='ltr'>μεγέθαι</span> <span class='ocrx_word' id='word_1_113' title='bbox 738 2309 783 2376; x_wconf 82' lang='grc' dir='ltr'>μὲν</span> <span class='ocrx_word' id='word_1_114' title='bbox 813 2302 842 2359; x_wconf 71' lang='grc' dir='ltr'>οὐ</span> 
     </span>
     <span class='ocr_line' id='line_1_17' title="bbox 138 2386 843 2466; baseline -0.006 -19"><span class='ocrx_word' id='word_1_115' title='bbox 138 2390 247 2465; x_wconf 79' lang='grc' dir='ltr'>μεγάλη,</span> <span class='ocrx_word' id='word_1_116' title='bbox 277 2390 306 2445; x_wconf 83' lang='grc' dir='ltr'>τὸ</span> <span class='ocrx_word' id='word_1_117' title='bbox 335 2393 363 2445; x_wconf 85' lang='grc' dir='ltr'>δὲ</span> <span class='ocrx_word' id='word_1_118' title='bbox 391 2388 487 2465; x_wconf 68' lang='grc' dir='ltr'>φύλλον</span> <span class='ocrx_word' id='word_1_119' title='bbox 517 2386 605 2463; x_wconf 82' lang='grc' dir='ltr'>ὅμοιον</span> <span class='ocrx_word' id='word_1_120' title='bbox 636 2393 691 2466; x_wconf 78' lang='grc' dir='ltr'>ἔχει</span> <span class='ocrx_word' id='word_1_121' title='bbox 721 2393 843 2465; x_wconf 81' lang='grc' dir='ltr'>μυρρίνῳ.</span> 
     </span>
     <span class='ocr_line' id='line_1_18' title="bbox 137 2475 843 2554; baseline -0.008 -20"><span class='ocrx_word' id='word_1_122' title='bbox 137 2478 235 2534; x_wconf 65' lang='lat' dir='ltr'>(Therai</span> <span class='ocrx_word' id='word_1_123' title='bbox 255 2475 279 2532; x_wconf 82' lang='grc' dir='ltr'>δ’</span> <span class='ocrx_word' id='word_1_124' title='bbox 299 2481 325 2532; x_wconf 78' lang='grc' dir='ltr'>ἐν</span> <span class='ocrx_word' id='word_1_125' title='bbox 344 2484 398 2537; x_wconf 87' lang='grc' dir='ltr'>τοῖς</span> <span class='ocrx_word' id='word_1_126' title='bbox 426 2481 535 2552; x_wconf 79' lang='grc' dir='ltr'>ψυχροῖς</span> <span class='ocrx_word' id='word_1_127' title='bbox 553 2475 641 2538; x_wconf 84' lang='grc' dir='ltr'>τόποις</span> <span class='ocrx_word' id='word_1_128' title='bbox 659 2481 703 2532; x_wconf 77' lang='grc' dir='ltr'>καὶ</span> <span class='ocrx_word' id='word_1_129' title='bbox 721 2482 843 2554; x_wconf 80' lang='grc' dir='ltr'>τραχέσι.</span> 
     </span>
     <span class='ocr_line' id='line_1_19' title="bbox 139 2559 843 2639; baseline 0 -19"><span class='ocrx_word' id='word_1_130' title='bbox 139 2565 252 2639; x_wconf 79' lang='grc' dir='ltr'>καὶγὰρ</span> <span class='ocrx_word' id='word_1_131' title='bbox 280 2564 313 2619; x_wconf 82' lang='grc' dir='ltr'>τὰ</span> <span class='ocrx_word' id='word_1_132' title='bbox 340 2561 455 2637; x_wconf 74' lang='grc' dir='ltr'>Κίτωρσι</span> <span class='ocrx_word' id='word_1_133' title='bbox 482 2569 607 2628; x_wconf 77' lang='grc' dir='ltr'>τοιοῦτον,</span> <span class='ocrx_word' id='word_1_134' title='bbox 637 2559 666 2619; x_wconf 77' lang='grc' dir='ltr'>οὗ</span> <span class='ocrx_word' id='word_1_135' title='bbox 691 2562 708 2637; x_wconf 81' lang='grc' dir='ltr'><strong>ἡ</strong></span> <span class='ocrx_word' id='word_1_136' title='bbox 736 2568 843 2637; x_wconf 79' lang='grc' dir='ltr'>πλείστη</span> 
     </span>
     <span class='ocr_line' id='line_1_20' title="bbox 141 2647 844 2725; baseline 0.001 -19"><span class='ocrx_word' id='word_1_137' title='bbox 141 2655 244 2724; x_wconf 89' lang='grc' dir='ltr'>γίνεται.</span> <span class='ocrx_word' id='word_1_138' title='bbox 282 2649 388 2725; x_wconf 85' lang='grc' dir='ltr'>Ψυχρὸς</span> <span class='ocrx_word' id='word_1_139' title='bbox 413 2653 440 2705; x_wconf 80' lang='grc' dir='ltr'>δὲ</span> <span class='ocrx_word' id='word_1_140' title='bbox 465 2653 510 2705; x_wconf 78' lang='grc' dir='ltr'>καὶ</span> <span class='ocrx_word' id='word_1_141' title='bbox 534 2648 547 2705; x_wconf 80' lang='lat' dir='ltr'>h</span> <span class='ocrx_word' id='word_1_142' title='bbox 567 2647 700 2723; x_wconf 82' lang='grc' dir='ltr'>Ὄλυμπος</span> <span class='ocrx_word' id='word_1_143' title='bbox 721 2650 734 2708; x_wconf 83' lang='grc' dir='ltr'>ὁ</span> <span class='ocrx_word' id='word_1_144' title='bbox 754 2651 844 2707; x_wconf 74' lang='grc' dir='ltr'>Μακε-</span> 
     </span>
     <span class='ocr_line' id='line_1_21' title="bbox 138 2734 843 2811; baseline 0.004 -20"><span class='ocrx_word' id='word_1_145' title='bbox 138 2736 253 2798; x_wconf 77' lang='grc' dir='ltr'>δονικός·</span> <span class='ocrx_word' id='word_1_146' title='bbox 285 2740 330 2790; x_wconf 80' lang='grc' dir='ltr'>καὶ</span> <span class='ocrx_word' id='word_1_147' title='bbox 356 2734 403 2809; x_wconf 83' lang='grc' dir='ltr'>γὰρ</span> <span class='ocrx_word' id='word_1_148' title='bbox 435 2738 549 2792; x_wconf 79' lang='grc' dir='ltr'>ἐνταῦθα</span> <span class='ocrx_word' id='word_1_149' title='bbox 579 2741 684 2811; x_wconf 82' lang='grc' dir='ltr'>γίνεται,</span> <span class='ocrx_word' id='word_1_150' title='bbox 715 2738 782 2811; x_wconf 82' lang='grc' dir='ltr'>πλὴν</span> <span class='ocrx_word' id='word_1_151' title='bbox 814 2737 843 2794; x_wconf 79' lang='grc' dir='ltr'>ου’</span> 
     </span>
     <span class='ocr_line' id='line_1_22' title="bbox 107 2822 844 2900; baseline 0 -21"><span class='ocrx_word' id='word_1_152' title='bbox 107 2887 109 2890; x_wconf 17' lang='lat' dir='ltr'>v</span> <span class='ocrx_word' id='word_1_153' title='bbox 139 2823 255 2898; x_wconf 76' lang='grc' dir='ltr'>μεγοίλη·</span> <span class='ocrx_word' id='word_1_154' title='bbox 281 2825 387 2896; x_wconf 80' lang='grc' dir='ltr'>μεγίστη</span> <span class='ocrx_word' id='word_1_155' title='bbox 413 2825 440 2878; x_wconf 82' lang='grc' dir='ltr'>δὲ</span> <span class='ocrx_word' id='word_1_156' title='bbox 464 2827 509 2879; x_wconf 74' lang='grc' dir='ltr'>καὶ</span> <span class='ocrx_word' id='word_1_157' title='bbox 533 2827 658 2898; x_wconf 77' lang='grc' dir='ltr'>καλλίστη</span> <span class='ocrx_word' id='word_1_158' title='bbox 683 2828 711 2879; x_wconf 83' lang='grc' dir='ltr'>ἐν</span> <span class='ocrx_word' id='word_1_159' title='bbox 734 2822 844 2900; x_wconf 61' lang='grc' dir='ltr'>Κύρνῳ·</span> 
     </span>
     <span class='ocr_line' id='line_1_23' title="bbox 138 2902 845 2988; baseline 0.003 -23"><span class='ocrx_word' id='word_1_160' title='bbox 138 2914 182 2965; x_wconf 79' lang='grc' dir='ltr'>καὶ</span> <span class='ocrx_word' id='word_1_161' title='bbox 217 2902 264 2984; x_wconf 82' lang='grc' dir='ltr'>γὰρ</span> <span class='ocrx_word' id='word_1_162' title='bbox 296 2907 418 2982; x_wconf 71' lang='grc' dir='ltr'>εὐμήκεις</span> <span class='ocrx_word' id='word_1_163' title='bbox 449 2915 493 2965; x_wconf 81' lang='grc' dir='ltr'>καὶ</span> <span class='ocrx_word' id='word_1_164' title='bbox 523 2910 608 2988; x_wconf 77' lang='grc' dir='ltr'>ποίχος</span> <span class='ocrx_word' id='word_1_165' title='bbox 643 2913 748 2988; x_wconf 78' lang='grc' dir='ltr'>ἔχουσαι</span> <span class='ocrx_word' id='word_1_166' title='bbox 778 2911 845 2967; x_wconf 74' lang='grc' dir='ltr'>πολὺ</span> 
     </span>
    </p>
   </div>
   <div class='ocr_carea' id='block_1_9' title="bbox 893 1354 1640 2979">
    <p class='ocr_par' dir='ltr' id='par_1_9' title="bbox 893 1354 1603 2289">
     <span class='ocr_line' id='line_1_24' title="bbox 965 1354 1603 1423; baseline -0.014 -10"><span class='ocrx_word' id='word_1_167' title='bbox 965 1356 980 1422; x_wconf 69' lang='grc' dir='ltr'><strong>ἓ</strong></span> <span class='ocrx_word' id='word_1_168' title='bbox 999 1360 1041 1413; x_wconf 83' lang='grc'>70.</span> <span class='ocrx_word' id='word_1_169' title='bbox 1077 1355 1220 1423; x_wconf 90' lang='lat' dir='ltr'>Inprimis</span> <span class='ocrx_word' id='word_1_170' title='bbox 1238 1372 1301 1410; x_wconf 85' lang='lat' dir='ltr'>voro</span> <span class='ocrx_word' id='word_1_171' title='bbox 1320 1354 1446 1408; x_wconf 86' lang='lat' dir='ltr'>materies</span> <span class='ocrx_word' id='word_1_172' title='bbox 1469 1354 1547 1408; x_wconf 88' lang='lat' dir='ltr'>buxo</span> <span class='ocrx_word' id='word_1_173' title='bbox 1565 1355 1603 1406; x_wconf 89' lang='lat' dir='ltr'>est</span> 
     </span>
     <span class='ocr_line' id='line_1_25' title="bbox 894 1439 1601 1510; baseline -0.001 -18"><span class='ocrx_word' id='word_1_174' title='bbox 894 1457 953 1496; x_wconf 88' lang='lat' dir='ltr'>raro</span> <span class='ocrx_word' id='word_1_175' title='bbox 966 1440 1095 1509; x_wconf 87' lang='lat' dir='ltr'>crispanti</span> <span class='ocrx_word' id='word_1_176' title='bbox 1113 1458 1162 1495; x_wconf 91' lang='lat' dir='ltr'>nec</span> <span class='ocrx_word' id='word_1_177' title='bbox 1181 1442 1241 1503; x_wconf 83' lang='lat' dir='ltr'>nisi</span> <span class='ocrx_word' id='word_1_178' title='bbox 1253 1442 1351 1510; x_wconf 85' lang='lat' dir='ltr'>radice,</span> <span class='ocrx_word' id='word_1_179' title='bbox 1371 1441 1403 1494; x_wconf 94' lang='lat' dir='ltr'>de</span> <span class='ocrx_word' id='word_1_180' title='bbox 1422 1442 1517 1494; x_wconf 87' lang='lat' dir='ltr'>cetero</span> <span class='ocrx_word' id='word_1_181' title='bbox 1536 1439 1601 1493; x_wconf 92' lang='lat' dir='ltr'>lenis</span> 
     </span>
     <span class='ocr_line' id='line_1_26' title="bbox 895 1515 1602 1596; baseline -0.003 -16"><span class='ocrx_word' id='word_1_182' title='bbox 895 1529 973 1595; x_wconf 88' lang='lat' dir='ltr'>quies</span> <span class='ocrx_word' id='word_1_183' title='bbox 991 1531 1033 1582; x_wconf 91' lang='lat' dir='ltr'>est</span> <span class='ocrx_word' id='word_1_184' title='bbox 1051 1528 1176 1581; x_wconf 89' lang='lat' dir='ltr'>materiae</span> <span class='ocrx_word' id='word_1_185' title='bbox 1194 1515 1303 1582; x_wconf 89' lang='lat' dir='ltr'>silentio</span> <span class='ocrx_word' id='word_1_186' title='bbox 1322 1527 1438 1596; x_wconf 86' lang='lat' dir='ltr'>quodam</span> <span class='ocrx_word' id='word_1_187' title='bbox 1454 1528 1486 1580; x_wconf 90' lang='lat' dir='ltr'>et</span> <span class='ocrx_word' id='word_1_188' title='bbox 1505 1526 1602 1580; x_wconf 88' lang='lat' dir='ltr'>duritie</span> 
     </span>
     <span class='ocr_line' id='line_1_27' title="bbox 894 1602 1600 1683; baseline -0.006 -14"><span class='ocrx_word' id='word_1_189' title='bbox 894 1632 925 1669; x_wconf 85' lang='lat' dir='ltr'>ac</span> <span class='ocrx_word' id='word_1_190' title='bbox 944 1614 1042 1683; x_wconf 89' lang='lat' dir='ltr'>pallore</span> <span class='ocrx_word' id='word_1_191' title='bbox 1055 1602 1283 1681; x_wconf 78' lang='lat' dir='ltr'>commendabilis,</span> <span class='ocrx_word' id='word_1_192' title='bbox 1302 1615 1330 1667; x_wconf 91' lang='lat' dir='ltr'>in</span> <span class='ocrx_word' id='word_1_193' title='bbox 1348 1615 1408 1681; x_wconf 86' lang='lat' dir='ltr'>ipsa</span> <span class='ocrx_word' id='word_1_194' title='bbox 1426 1628 1494 1666; x_wconf 77' lang='lat' dir='ltr'>vero</span> <span class='ocrx_word' id='word_1_195' title='bbox 1513 1612 1600 1666; x_wconf 86' lang='lat' dir='ltr'>arbore</span> 
     </span>
     <span class='ocr_line' id='line_1_28' title="bbox 895 1698 1602 1770; baseline -0.007 -15"><span class='ocrx_word' id='word_1_196' title='bbox 895 1702 1008 1770; x_wconf 89' lang='lat' dir='ltr'>topiario</span> <span class='ocrx_word' id='word_1_197' title='bbox 1035 1717 1121 1769; x_wconf 85' lang='lat' dir='ltr'>opere.</span> <span class='ocrx_word' id='word_1_198' title='bbox 1163 1702 1215 1756; x_wconf 83' lang='lat' dir='ltr'>tria</span> <span class='ocrx_word' id='word_1_199' title='bbox 1241 1701 1301 1754; x_wconf 87' lang='lat' dir='ltr'>eins</span> <span class='ocrx_word' id='word_1_200' title='bbox 1329 1715 1440 1768; x_wconf 85' lang='lat' dir='ltr'>genera:</span> <span class='ocrx_word' id='word_1_201' title='bbox 1469 1698 1602 1752; x_wconf 82' lang='lat' dir='ltr'>Gallicum</span> 
     </span>
     <span class='ocr_line' id='line_1_29' title="bbox 893 1785 1602 1856; baseline -0.003 -15"><span class='ocrx_word' id='word_1_202' title='bbox 893 1789 964 1856; x_wconf 87' lang='lat' dir='ltr'>quod</span> <span class='ocrx_word' id='word_1_203' title='bbox 993 1788 1021 1840; x_wconf 91' lang='lat' dir='ltr'>in</span> <span class='ocrx_word' id='word_1_204' title='bbox 1049 1789 1133 1842; x_wconf 81' lang='lat' dir='ltr'>metas</span> <span class='ocrx_word' id='word_1_205' title='bbox 1167 1788 1302 1842; x_wconf 84' lang='lat' dir='ltr'>emittitur</span> <span class='ocrx_word' id='word_1_206' title='bbox 1331 1785 1515 1855; x_wconf 84' lang='lat' dir='ltr'>amplitudine</span> <span class='ocrx_word' id='word_1_207' title='bbox 1547 1801 1602 1853; x_wconf 91' lang='lat' dir='ltr'>pro·</span> 
     </span>
     <span class='ocr_line' id='line_1_30' title="bbox 893 1873 1602 1929; baseline -0.007 -1"><span class='ocrx_word' id='word_1_208' title='bbox 893 1875 1021 1928; x_wconf 78' lang='lat' dir='ltr'>cerione·</span> <span class='ocrx_word' id='word_1_209' title='bbox 1038 1874 1181 1929; x_wconf 87' lang='lat' dir='ltr'>oleastrum</span> <span class='ocrx_word' id='word_1_210' title='bbox 1208 1875 1237 1926; x_wconf 91' lang='lat' dir='ltr'>in</span> <span class='ocrx_word' id='word_1_211' title='bbox 1264 1873 1338 1928; x_wconf 92' lang='lat' dir='ltr'>omni</span> <span class='ocrx_word' id='word_1_212' title='bbox 1365 1889 1418 1927; x_wconf 92' lang='lat' dir='ltr'>usu</span> <span class='ocrx_word' id='word_1_213' title='bbox 1446 1873 1602 1928; x_wconf 87' lang='lat' dir='ltr'>damnatum</span> 
     </span>
     <span class='ocr_line' id='line_1_31' title="bbox 894 1959 1602 2030; baseline -0.001 -16"><span class='ocrx_word' id='word_1_214' title='bbox 894 1978 1002 2029; x_wconf 85' lang='lat' dir='ltr'>gravem</span> <span class='ocrx_word' id='word_1_215' title='bbox 1038 1962 1151 2028; x_wconf 88' lang='lat' dir='ltr'>praefert</span> <span class='ocrx_word' id='word_1_216' title='bbox 1194 1961 1310 2014; x_wconf 86' lang='lat' dir='ltr'>odorem.</span> <span class='ocrx_word' id='word_1_217' title='bbox 1364 1959 1476 2014; x_wconf 84' lang='lat' dir='ltr'>tertium</span> <span class='ocrx_word' id='word_1_218' title='bbox 1521 1975 1602 2030; x_wconf 84' lang='lat' dir='ltr'>genus</span> 
     </span>
     <span class='ocr_line' id='line_1_32' title="bbox 893 2045 1602 2114; baseline -0.003 -13"><span class='ocrx_word' id='word_1_219' title='bbox 893 2049 1021 2103; x_wconf 89' lang='lat' dir='ltr'>nostratis</span> <span class='ocrx_word' id='word_1_220' title='bbox 1050 2051 1155 2114; x_wconf 88' lang='lat' dir='ltr'>vocant,</span> <span class='ocrx_word' id='word_1_221' title='bbox 1183 2047 1318 2112; x_wconf 83' lang='lat' dir='ltr'>silvestre,</span> <span class='ocrx_word' id='word_1_222' title='bbox 1349 2049 1380 2099; x_wconf 88' lang='lat' dir='ltr'>ut</span> <span class='ocrx_word' id='word_1_223' title='bbox 1409 2045 1501 2114; x_wconf 88' lang='lat' dir='ltr'>eredo,</span> <span class='ocrx_word' id='word_1_224' title='bbox 1531 2046 1602 2100; x_wconf 89' lang='lat' dir='ltr'>miti·</span> 
     </span>
     <span class='ocr_line' id='line_1_33' title="bbox 894 2132 1601 2203; baseline 0 -15"><span class='ocrx_word' id='word_1_225' title='bbox 894 2137 988 2203; x_wconf 81' lang='lat' dir='ltr'>gutum</span> <span class='ocrx_word' id='word_1_226' title='bbox 1006 2136 1075 2202; x_wconf 87' lang='lat' dir='ltr'>satu,</span> <span class='ocrx_word' id='word_1_227' title='bbox 1100 2134 1227 2187; x_wconf 89' lang='lat' dir='ltr'>diffusius</span> <span class='ocrx_word' id='word_1_228' title='bbox 1252 2135 1279 2186; x_wconf 92' lang='lat' dir='ltr'>et</span> <span class='ocrx_word' id='word_1_229' title='bbox 1302 2132 1435 2186; x_wconf 84' lang='lat' dir='ltr'>densitate</span> <span class='ocrx_word' id='word_1_230' title='bbox 1460 2133 1601 2201; x_wconf 81' lang='lat' dir='ltr'>parietum,</span> 
     </span>
     <span class='ocr_line' id='line_1_34' title="bbox 895 2220 1306 2289; baseline -0.002 -15"><span class='ocrx_word' id='word_1_231' title='bbox 895 2222 986 2274; x_wconf 80' lang='lat' dir='ltr'>virens</span> <span class='ocrx_word' id='word_1_232' title='bbox 1006 2237 1111 2289; x_wconf 90' lang='lat' dir='ltr'>semper</span> <span class='ocrx_word' id='word_1_233' title='bbox 1129 2238 1159 2275; x_wconf 91' lang='lat' dir='ltr'>ac</span> <span class='ocrx_word' id='word_1_234' title='bbox 1181 2220 1306 2278; x_wconf 36' lang='lat' dir='ltr'>tonsiles</span> 
     </span>
    </p>

    <p class='ocr_par' dir='ltr' id='par_1_10' title="bbox 895 2306 1640 2979">
     <span class='ocr_line' id='line_1_35' title="bbox 965 2306 1600 2376; baseline -0.011 -10"><span class='ocrx_word' id='word_1_235' title='bbox 965 2309 980 2376; x_wconf 67' lang='grc' dir='ltr'><em>ξ</em></span> <span class='ocrx_word' id='word_1_236' title='bbox 999 2313 1041 2365; x_wconf 83' lang='grc'>71.</span> <span class='ocrx_word' id='word_1_237' title='bbox 1063 2307 1159 2361; x_wconf 75' lang='lat' dir='ltr'>Burrus</span> <span class='ocrx_word' id='word_1_238' title='bbox 1175 2306 1320 2376; x_wconf 83' lang='lat' dir='ltr'>Pyrenaeis</span> <span class='ocrx_word' id='word_1_239' title='bbox 1339 2322 1369 2360; x_wconf 91' lang='lat' dir='ltr'>ac</span> <span class='ocrx_word' id='word_1_240' title='bbox 1385 2306 1507 2375; x_wconf 82' lang='lat' dir='ltr'>Cytoriis</span> <span class='ocrx_word' id='word_1_241' title='bbox 1528 2322 1600 2360; x_wconf 92' lang='lat' dir='ltr'>mon-</span> 
     </span>
     <span class='ocr_line' id='line_1_36' title="bbox 895 2393 1601 2462; baseline -0.001 -15"><span class='ocrx_word' id='word_1_242' title='bbox 895 2394 970 2448; x_wconf 88' lang='lat' dir='ltr'>tibus</span> <span class='ocrx_word' id='word_1_243' title='bbox 988 2394 1113 2462; x_wconf 88' lang='lat' dir='ltr'>pluruma</span> <span class='ocrx_word' id='word_1_244' title='bbox 1137 2397 1164 2448; x_wconf 91' lang='lat' dir='ltr'>et</span> <span class='ocrx_word' id='word_1_245' title='bbox 1181 2393 1342 2462; x_wconf 81' lang='lat' dir='ltr'>Berecyntio</span> <span class='ocrx_word' id='word_1_246' title='bbox 1366 2394 1464 2459; x_wconf 88' lang='lat' dir='ltr'>tractu,</span> <span class='ocrx_word' id='word_1_247' title='bbox 1489 2394 1601 2448; x_wconf 87' lang='lat' dir='ltr'>crassis·</span> 
     </span>
     <span class='ocr_line' id='line_1_37' title="bbox 896 2479 1601 2548; baseline -0.003 -14"><span class='ocrx_word' id='word_1_248' title='bbox 896 2481 965 2534; x_wconf 86' lang='lat' dir='ltr'>sima</span> <span class='ocrx_word' id='word_1_249' title='bbox 988 2481 1018 2534; x_wconf 90' lang='lat' dir='ltr'>in</span> <span class='ocrx_word' id='word_1_250' title='bbox 1042 2480 1159 2548; x_wconf 82' lang='lat' dir='ltr'>Corsica,</span> <span class='ocrx_word' id='word_1_251' title='bbox 1185 2481 1249 2534; x_wconf 91' lang='lat' dir='ltr'>flore</span> <span class='ocrx_word' id='word_1_252' title='bbox 1273 2496 1327 2534; x_wconf 94' lang='lat' dir='ltr'>non</span> <span class='ocrx_word' id='word_1_253' title='bbox 1350 2479 1511 2546; x_wconf 86' lang='lat' dir='ltr'>spernendo,</span> <span class='ocrx_word' id='word_1_254' title='bbox 1539 2495 1601 2546; x_wconf 87' lang='lat' dir='ltr'>qnae</span> 
     </span>
     <span class='ocr_line' id='line_1_38' title="bbox 897 2565 1601 2621; baseline -0.001 -1"><span class='ocrx_word' id='word_1_255' title='bbox 897 2583 977 2621; x_wconf 88' lang='lat' dir='ltr'>causa</span> <span class='ocrx_word' id='word_1_256' title='bbox 1011 2567 1200 2621; x_wconf 86' lang='lat' dir='ltr'>amaritudinis</span> <span class='ocrx_word' id='word_1_257' title='bbox 1242 2565 1339 2619; x_wconf 91' lang='lat' dir='ltr'>mellis.</span> <span class='ocrx_word' id='word_1_258' title='bbox 1392 2580 1487 2618; x_wconf 84' lang='lat' dir='ltr'>semen</span> <span class='ocrx_word' id='word_1_259' title='bbox 1530 2565 1601 2619; x_wconf 89' lang='lat' dir='ltr'>illius</span> 
     </span>
     <span class='ocr_line' id='line_1_39' title="bbox 897 2650 1640 2720; baseline -0.004 -13"><span class='ocrx_word' id='word_1_260' title='bbox 897 2654 1004 2707; x_wconf 87' lang='lat' dir='ltr'>cunctis</span> <span class='ocrx_word' id='word_1_261' title='bbox 1022 2653 1204 2707; x_wconf 88' lang='lat' dir='ltr'>animantibus</span> <span class='ocrx_word' id='word_1_262' title='bbox 1223 2652 1351 2705; x_wconf 81' lang='lat' dir='ltr'>inrisum.</span> <span class='ocrx_word' id='word_1_263' title='bbox 1382 2666 1431 2704; x_wconf 91' lang='lat' dir='ltr'>nec</span> <span class='ocrx_word' id='word_1_264' title='bbox 1445 2651 1474 2705; x_wconf 90' lang='lat' dir='ltr'>iu</span> <span class='ocrx_word' id='word_1_265' title='bbox 1488 2650 1601 2720; x_wconf 84' lang='lat' dir='ltr'>Olympo</span> <span class='ocrx_word' id='word_1_266' title='bbox 1638 2674 1640 2697; x_wconf 92' lang='lat'><strong>:</strong></span> 
     </span>
     <span class='ocr_line' id='line_1_40' title="bbox 896 2737 1601 2808; baseline -0.001 -16"><span class='ocrx_word' id='word_1_267' title='bbox 896 2739 1069 2794; x_wconf 85' lang='lat' dir='ltr'>Macedoniae</span> <span class='ocrx_word' id='word_1_268' title='bbox 1081 2738 1213 2808; x_wconf 81' lang='lat' dir='ltr'>gracilior,</span> <span class='ocrx_word' id='word_1_269' title='bbox 1227 2739 1274 2791; x_wconf 89' lang='lat' dir='ltr'>sed</span> <span class='ocrx_word' id='word_1_270' title='bbox 1286 2737 1384 2792; x_wconf 88' lang='lat' dir='ltr'>brevis.</span> <span class='ocrx_word' id='word_1_271' title='bbox 1412 2739 1486 2790; x_wconf 89' lang='lat' dir='ltr'>amat</span> <span class='ocrx_word' id='word_1_272' title='bbox 1498 2737 1601 2807; x_wconf 84' lang='lat' dir='ltr'>frigida,</span> 
     </span>
     <span class='ocr_line' id='line_1_41' title="bbox 897 2823 1602 2894; baseline -0.004 -15"><span class='ocrx_word' id='word_1_273' title='bbox 897 2825 995 2893; x_wconf 89' lang='lat' dir='ltr'>aprica.</span> <span class='ocrx_word' id='word_1_274' title='bbox 1042 2827 1071 2879; x_wconf 91' lang='lat' dir='ltr'>in</span> <span class='ocrx_word' id='word_1_275' title='bbox 1097 2825 1155 2894; x_wconf 84' lang='lat' dir='ltr'>igni</span> <span class='ocrx_word' id='word_1_276' title='bbox 1183 2840 1288 2893; x_wconf 87' lang='lat' dir='ltr'>quoque</span> <span class='ocrx_word' id='word_1_277' title='bbox 1316 2823 1416 2878; x_wconf 91' lang='lat' dir='ltr'>duritia</span> <span class='ocrx_word' id='word_1_278' title='bbox 1444 2825 1525 2892; x_wconf 88' lang='lat' dir='ltr'>ferri,</span> <span class='ocrx_word' id='word_1_279' title='bbox 1558 2839 1602 2877; x_wconf 88' lang='lat' dir='ltr'>nec</span> 
     </span>
     <span class='ocr_line' id='line_1_42' title="bbox 897 2910 1315 2979; baseline 0 -16"><span class='ocrx_word' id='word_1_280' title='bbox 897 2911 1012 2979; x_wconf 77' lang='lat' dir='ltr'>flamma,</span> <span class='ocrx_word' id='word_1_281' title='bbox 1030 2928 1079 2966; x_wconf 90' lang='lat' dir='ltr'>nec</span> <span class='ocrx_word' id='word_1_282' title='bbox 1099 2912 1212 2966; x_wconf 83' lang='lat' dir='ltr'>carbone</span> <span class='ocrx_word' id='word_1_283' title='bbox 1230 2910 1315 2965; x_wconf 90' lang='lat' dir='ltr'>utilis.</span> 
     </span>
    </p>
   </div>
   <div class='ocr_carea' id='block_1_10' title="bbox 136 2993 1640 4691">
    <p class='ocr_par' dir='ltr' id='par_1_11' title="bbox 138 2993 844 3156">
     <span class='ocr_line' id='line_1_43' title="bbox 139 2993 844 3074; baseline -0.001 -22"><span class='ocrx_word' id='word_1_284' title='bbox 139 2996 210 3071; x_wconf 82' lang='grc' dir='ltr'>παρὰ</span> <span class='ocrx_word' id='word_1_285' title='bbox 228 2996 274 3057; x_wconf 83' lang='grc' dir='ltr'>τὰς</span> <span class='ocrx_word' id='word_1_286' title='bbox 289 2993 376 3057; x_wconf 83' lang='grc' dir='ltr'>σ’ίλλας.</span> <span class='ocrx_word' id='word_1_287' title='bbox 397 2995 442 3051; x_wconf 83' lang='grc' dir='ltr'>Διὸ</span> <span class='ocrx_word' id='word_1_288' title='bbox 455 3001 500 3053; x_wconf 78' lang='grc' dir='ltr'>καὶ</span> <span class='ocrx_word' id='word_1_289' title='bbox 518 2998 547 3053; x_wconf 84' lang='grc' dir='ltr'>τὸ</span> <span class='ocrx_word' id='word_1_290' title='bbox 566 3000 623 3070; x_wconf 76' lang='grc' dir='ltr'>μέλι</span> <span class='ocrx_word' id='word_1_291' title='bbox 641 2996 691 3074; x_wconf 66' lang='grc' dir='ltr'>οὐχ</span> <span class='ocrx_word' id='word_1_292' title='bbox 708 2996 765 3071; x_wconf 72' lang='grc' dir='ltr'>ἡδὺ,</span> <span class='ocrx_word' id='word_1_293' title='bbox 787 2995 844 3062; x_wconf 71' lang='grc' dir='ltr'>ὄζον</span> 
     </span>
     <span class='ocr_line' id='line_1_44' title="bbox 138 3081 295 3156; baseline 0 -18"><span class='ocrx_word' id='word_1_294' title='bbox 138 3090 186 3156; x_wconf 76' lang='grc' dir='ltr'>τῆς</span> <span class='ocrx_word' id='word_1_295' title='bbox 205 3081 295 3144; x_wconf 66' lang='grc' dir='ltr'>πύξου.</span> 
     </span>
    </p>

    <p class='ocr_par' dir='ltr' id='par_1_12' title="bbox 140 3167 846 3331">
     <span class='ocr_line' id='line_1_45' title="bbox 211 3167 846 3248; baseline 0.009 -26"><span class='ocrx_word' id='word_1_296' title='bbox 211 3174 345 3236; x_wconf 80' lang='lat'>111,4,6.</span> <span class='ocrx_word' id='word_1_297' title='bbox 383 3169 427 3224; x_wconf 88' lang='grc' dir='ltr'>τὸν</span> <span class='ocrx_word' id='word_1_298' title='bbox 457 3172 484 3225; x_wconf 80' lang='grc' dir='ltr'>δὲ</span> <span class='ocrx_word' id='word_1_299' title='bbox 511 3169 610 3244; x_wconf 78' lang='grc' dir='ltr'>καρπὸν</span> <span class='ocrx_word' id='word_1_300' title='bbox 643 3167 759 3245; x_wconf 77' lang='grc' dir='ltr'>ἄβρωτον</span> <span class='ocrx_word' id='word_1_301' title='bbox 791 3175 846 3248; x_wconf 79' lang='grc' dir='ltr'>ἔχει</span> 
     </span>
     <span class='ocr_line' id='line_1_46' title="bbox 140 3254 724 3331; baseline -0.005 -19"><span class='ocrx_word' id='word_1_302' title='bbox 140 3260 218 3312; x_wconf 86' lang='grc' dir='ltr'>παντὶ</span> <span class='ocrx_word' id='word_1_303' title='bbox 237 3254 293 3328; x_wconf 79' lang='grc' dir='ltr'>ζῴῳ</span> <span class='ocrx_word' id='word_1_304' title='bbox 313 3258 415 3330; x_wconf 79' lang='grc' dir='ltr'>φίλυρα,</span> <span class='ocrx_word' id='word_1_305' title='bbox 435 3258 619 3331; x_wconf 76' lang='grc' dir='ltr'>θηλοκρανείοι,</span> <span class='ocrx_word' id='word_1_306' title='bbox 638 3257 724 3319; x_wconf 74' lang='grc' dir='ltr'>πύξος.</span> 
     </span>
    </p>

    <p class='ocr_par' dir='ltr' id='par_1_13' title="bbox 136 3341 847 3505">
     <span class='ocr_line' id='line_1_47' title="bbox 210 3341 847 3417; baseline 0.005 -21"><span class='ocrx_word' id='word_1_307' title='bbox 210 3342 238 3396; x_wconf 80' lang='lat' dir='ltr'>C.</span> <span class='ocrx_word' id='word_1_308' title='bbox 258 3341 289 3395; x_wconf 90' lang='lat' dir='ltr'>P.</span> <span class='ocrx_word' id='word_1_309' title='bbox 307 3341 341 3409; x_wconf 81' lang='grc' dir='ltr'>ΙΙ,</span> <span class='ocrx_word' id='word_1_310' title='bbox 361 3347 386 3406; x_wconf 82' lang='lat'>3,</span> <span class='ocrx_word' id='word_1_311' title='bbox 406 3347 431 3400; x_wconf 89' lang='lat'>3.</span> <span class='ocrx_word' id='word_1_312' title='bbox 472 3349 554 3398; x_wconf 82' lang='grc' dir='ltr'>ταῦτα</span> <span class='ocrx_word' id='word_1_313' title='bbox 578 3343 626 3417; x_wconf 81' lang='grc' dir='ltr'>γὰρ</span> <span class='ocrx_word' id='word_1_314' title='bbox 652 3341 718 3406; x_wconf 78' lang='grc' dir='ltr'>ὅλως</span> <span class='ocrx_word' id='word_1_315' title='bbox 743 3347 769 3399; x_wconf 83' lang='grc' dir='ltr'>ἐν</span> <span class='ocrx_word' id='word_1_316' title='bbox 794 3352 847 3405; x_wconf 86' lang='grc' dir='ltr'>τοῖς</span> 
     </span>
     <span class='ocr_line' id='line_1_48' title="bbox 136 3426 824 3505; baseline 0.001 -21"><span class='ocrx_word' id='word_1_317' title='bbox 136 3429 265 3503; x_wconf 73' lang='grc' dir='ltr'>ἐμπόροις</span> <span class='ocrx_word' id='word_1_318' title='bbox 285 3426 314 3482; x_wconf 75' lang='grc' dir='ltr'>ου’</span> <span class='ocrx_word' id='word_1_319' title='bbox 336 3426 435 3503; x_wconf 70' lang='grc' dir='ltr'>φύεται,</span> <span class='ocrx_word' id='word_1_320' title='bbox 456 3432 575 3505; x_wconf 78' lang='grc' dir='ltr'>χαλεπῶς</span> <span class='ocrx_word' id='word_1_321' title='bbox 594 3433 622 3485; x_wconf 80' lang='grc' dir='ltr'>δὲ</span> <span class='ocrx_word' id='word_1_322' title='bbox 640 3434 684 3484; x_wconf 74' lang='grc' dir='ltr'>καὶ</span> <span class='ocrx_word' id='word_1_323' title='bbox 701 3428 718 3503; x_wconf 76' lang='grc' dir='ltr'>ἡ</span> <span class='ocrx_word' id='word_1_324' title='bbox 738 3430 824 3492; x_wconf 74' lang='grc' dir='ltr'>πύξος.</span> 
     </span>
    </p>

    <p class='ocr_par' dir='ltr' id='par_1_14' title="bbox 136 3515 1640 4691">
     <span class='ocr_line' id='line_1_49' title="bbox 210 3515 849 3591; baseline 0.005 -22"><span class='ocrx_word' id='word_1_325' title='bbox 210 3516 245 3569; x_wconf 90' lang='grc' dir='ltr'>Η.</span> <span class='ocrx_word' id='word_1_326' title='bbox 261 3515 291 3568; x_wconf 91' lang='grc' dir='ltr'>Ρ.</span> <span class='ocrx_word' id='word_1_327' title='bbox 302 3515 336 3582; x_wconf 84' lang='lat' dir='ltr'>V,</span> <span class='ocrx_word' id='word_1_328' title='bbox 351 3520 375 3581; x_wconf 84' lang='lat'>7,</span> <span class='ocrx_word' id='word_1_329' title='bbox 389 3521 413 3573; x_wconf 83' lang='grc'>7.</span> <span class='ocrx_word' id='word_1_330' title='bbox 447 3515 523 3589; x_wconf 73' lang='grc' dir='ltr'>ΙΙυἙῳ</span> <span class='ocrx_word' id='word_1_331' title='bbox 543 3518 571 3571; x_wconf 78' lang='grc' dir='ltr'>δὲ</span> <span class='ocrx_word' id='word_1_332' title='bbox 589 3524 701 3591; x_wconf 78' lang='grc' dir='ltr'>χρῶνται</span> <span class='ocrx_word' id='word_1_333' title='bbox 720 3521 765 3589; x_wconf 86' lang='grc' dir='ltr'>μὲν</span> <span class='ocrx_word' id='word_1_334' title='bbox 785 3516 849 3591; x_wconf 85' lang='grc' dir='ltr'>πρὸς</span> 
     </span>
     <span class='ocr_line' id='line_1_50' title="bbox 138 3598 912 3679; baseline 0 -21"><span class='ocrx_word' id='word_1_335' title='bbox 138 3606 205 3668; x_wconf 81' lang='grc' dir='ltr'>ἔνια,</span> <span class='ocrx_word' id='word_1_336' title='bbox 231 3600 261 3658; x_wconf 65' lang='grc' dir='ltr'>οὐ</span> <span class='ocrx_word' id='word_1_337' title='bbox 283 3602 334 3674; x_wconf 71' lang='grc' dir='ltr'>μὴν</span> <span class='ocrx_word' id='word_1_338' title='bbox 355 3598 447 3674; x_wconf 66' lang='grc' dir='ltr'>ἀλλ’ἢ</span> <span class='ocrx_word' id='word_1_339' title='bbox 472 3623 500 3674; x_wconf 91' lang='grc' dir='ltr'>γε</span> <span class='ocrx_word' id='word_1_340' title='bbox 525 3603 551 3656; x_wconf 81' lang='grc' dir='ltr'>ἐν</span> <span class='ocrx_word' id='word_1_341' title='bbox 575 3609 613 3679; x_wconf 74' lang='grc' dir='ltr'>τῳ</span> <span class='ocrx_word' id='word_1_342' title='bbox 632 3601 757 3678; x_wconf 70' lang='grc' dir='ltr'>Ὀλύμπῳ</span> <span class='ocrx_word' id='word_1_343' title='bbox 781 3626 848 3676; x_wconf 89' lang='grc' dir='ltr'>γινο-</span> <span class='ocrx_word' id='word_1_344' title='bbox 910 3646 912 3650; x_wconf 58' lang='grc'><em>»</em></span> 
     </span>
     <span class='ocr_line' id='line_1_51' title="bbox 140 3686 842 3764; baseline 0.001 -20"><span class='ocrx_word' id='word_1_345' title='bbox 140 3694 209 3762; x_wconf 75' lang='grc' dir='ltr'>μένῳ</span> <span class='ocrx_word' id='word_1_346' title='bbox 239 3688 280 3743; x_wconf 78' lang='grc' dir='ltr'>διὰ</span> <span class='ocrx_word' id='word_1_347' title='bbox 307 3689 337 3743; x_wconf 85' lang='grc' dir='ltr'>τὸ</span> <span class='ocrx_word' id='word_1_348' title='bbox 366 3686 475 3764; x_wconf 73' lang='grc' dir='ltr'>βραχεῖά</span> <span class='ocrx_word' id='word_1_349' title='bbox 503 3709 531 3743; x_wconf 90' lang='grc' dir='ltr'>τε</span> <span class='ocrx_word' id='word_1_350' title='bbox 566 3690 629 3744; x_wconf 77' lang='grc' dir='ltr'>εἶναι</span> <span class='ocrx_word' id='word_1_351' title='bbox 666 3693 710 3744; x_wconf 81' lang='grc' dir='ltr'>καὶ</span> <span class='ocrx_word' id='word_1_352' title='bbox 744 3688 842 3763; x_wconf 77' lang='grc' dir='ltr'>ὀξώδης</span> 
     </span>
     <span class='ocr_line' id='line_1_52' title="bbox 136 3775 848 3852; baseline -0.001 -21"><span class='ocrx_word' id='word_1_353' title='bbox 136 3775 251 3852; x_wconf 75' lang='grc' dir='ltr'>ἀχρεῖος.</span> <span class='ocrx_word' id='word_1_354' title='bbox 843 3831 848 3842; x_wconf 70' lang='grc'><strong>,</strong></span> 
     </span>
     <span class='ocr_line' id='line_1_53' title="bbox 246 3873 1602 3966; baseline -0.002 -22"><span class='ocrx_word' id='word_1_355' title='bbox 246 3882 345 3966; x_wconf 90' lang='lat' dir='ltr'>Apud</span> <span class='ocrx_word' id='word_1_356' title='bbox 368 3881 617 3965; x_wconf 83' lang='lat' dir='ltr'>Theophrastum</span> <span class='ocrx_word' id='word_1_357' title='bbox 641 3881 748 3963; x_wconf 81' lang='lat' dir='ltr'>verba,</span> <span class='ocrx_word' id='word_1_358' title='bbox 773 3902 855 3965; x_wconf 86' lang='lat' dir='ltr'>quae</span> <span class='ocrx_word' id='word_1_359' title='bbox 878 3883 993 3946; x_wconf 86' lang='lat' dir='ltr'>tradita</span> <span class='ocrx_word' id='word_1_360' title='bbox 1023 3886 1099 3945; x_wconf 87' lang='lat' dir='ltr'>sunt</span> <span class='ocrx_word' id='word_1_361' title='bbox 1122 3881 1181 3948; x_wconf 65' lang='grc' dir='ltr'>ΙΙΙ,</span> <span class='ocrx_word' id='word_1_362' title='bbox 1207 3879 1258 3961; x_wconf 82' lang='lat'>15,</span> <span class='ocrx_word' id='word_1_363' title='bbox 1281 3878 1318 3942; x_wconf 82' lang='lat'>5:</span> <span class='ocrx_word' id='word_1_364' title='bbox 1354 3873 1450 3954; x_wconf 76' lang='lat' dir='ltr'>„dt&#39;d</span> <span class='ocrx_word' id='word_1_365' title='bbox 1488 3876 1540 3943; x_wconf 87' lang='grc' dir='ltr'>καὶ</span> <span class='ocrx_word' id='word_1_366' title='bbox 1573 3878 1602 3941; x_wconf 80' lang='grc' dir='ltr'>τὸ</span> 
     </span>
     <span class='ocr_line' id='line_1_54' title="bbox 139 3979 1603 4070; baseline 0 -22"><span class='ocrx_word' id='word_1_367' title='bbox 139 3986 207 4070; x_wconf 84' lang='grc' dir='ltr'>μέλι</span> <span class='ocrx_word' id='word_1_368' title='bbox 232 3984 289 4070; x_wconf 80' lang='grc' dir='ltr'>οὐχ</span> <span class='ocrx_word' id='word_1_369' title='bbox 312 3983 368 4068; x_wconf 61' lang='lat' dir='ltr'>hid</span> <span class='ocrx_word' id='word_1_370' title='bbox 392 3979 458 4057; x_wconf 78' lang='grc' dir='ltr'>ὄζον</span> <span class='ocrx_word' id='word_1_371' title='bbox 481 3990 532 4068; x_wconf 77' lang='grc' dir='ltr'>τῆς</span> <span class='ocrx_word' id='word_1_372' title='bbox 555 3983 663 4056; x_wconf 69' lang='grc' dir='ltr'>πόεοο“</span> <span class='ocrx_word' id='word_1_373' title='bbox 687 3987 774 4048; x_wconf 92' lang='lat' dir='ltr'>omni</span> <span class='ocrx_word' id='word_1_374' title='bbox 798 4005 895 4050; x_wconf 90' lang='lat' dir='ltr'>sensu</span> <span class='ocrx_word' id='word_1_375' title='bbox 919 3993 1035 4048; x_wconf 84' lang='lat' dir='ltr'>carent.</span> <span class='ocrx_word' id='word_1_376' title='bbox 1083 3984 1168 4060; x_wconf 80' lang='lat' dir='ltr'>Quid</span> <span class='ocrx_word' id='word_1_377' title='bbox 1192 3983 1254 4048; x_wconf 91' lang='lat' dir='ltr'>sibi</span> <span class='ocrx_word' id='word_1_378' title='bbox 1276 3984 1346 4046; x_wconf 87' lang='lat' dir='ltr'>vult</span> <span class='ocrx_word' id='word_1_379' title='bbox 1367 3982 1449 4046; x_wconf 89' lang='lat' dir='ltr'>illud</span> <span class='ocrx_word' id='word_1_380' title='bbox 1473 3981 1533 4059; x_wconf 75' lang='lat' dir='ltr'>„dr’</span> <span class='ocrx_word' id='word_1_381' title='bbox 1548 3980 1603 4048; x_wconf 57' lang='lat' dir='ltr'>P?</span> 
     </span>
     <span class='ocr_line' id='line_1_55' title="bbox 140 4083 1602 4174; baseline -0.003 -19"><span class='ocrx_word' id='word_1_382' title='bbox 140 4091 225 4155; x_wconf 88' lang='lat' dir='ltr'>Nam</span> <span class='ocrx_word' id='word_1_383' title='bbox 249 4091 362 4172; x_wconf 85' lang='lat' dir='ltr'>exiis,</span> <span class='ocrx_word' id='word_1_384' title='bbox 388 4109 471 4173; x_wconf 86' lang='lat' dir='ltr'>quae</span> <span class='ocrx_word' id='word_1_385' title='bbox 494 4089 687 4153; x_wconf 81' lang='lat' dir='ltr'>antecedunt</span> <span class='ocrx_word' id='word_1_386' title='bbox 710 4087 849 4174; x_wconf 74' lang='grc' dir='ltr'>,μεγίστη</span> <span class='ocrx_word' id='word_1_387' title='bbox 872 4086 922 4152; x_wconf 80' lang='grc' dir='ltr'>καὶ</span> <span class='ocrx_word' id='word_1_388' title='bbox 945 4086 1084 4173; x_wconf 81' lang='grc' dir='ltr'>καλλίστη</span> <span class='ocrx_word' id='word_1_389' title='bbox 1109 4091 1138 4152; x_wconf 89' lang='grc' dir='ltr'>ἐν</span> <span class='ocrx_word' id='word_1_390' title='bbox 1163 4087 1284 4173; x_wconf 80' lang='grc' dir='ltr'>Κύρνῳ·</span> <span class='ocrx_word' id='word_1_391' title='bbox 1312 4083 1440 4171; x_wconf 80' lang='grc' dir='ltr'>καὶγὰρ</span> <span class='ocrx_word' id='word_1_392' title='bbox 1464 4085 1602 4173; x_wconf 72' lang='grc' dir='ltr'>εὐμήκεις</span> 
     </span>
     <span class='ocr_line' id='line_1_56' title="bbox 138 4188 1640 4280; baseline 0 -23"><span class='ocrx_word' id='word_1_393' title='bbox 138 4192 190 4258; x_wconf 77' lang='lat' dir='ltr'>aul</span> <span class='ocrx_word' id='word_1_394' title='bbox 207 4193 304 4280; x_wconf 81' lang='grc' dir='ltr'>πάχος</span> <span class='ocrx_word' id='word_1_395' title='bbox 321 4191 444 4279; x_wconf 80' lang='grc' dir='ltr'>ἔχουσαι</span> <span class='ocrx_word' id='word_1_396' title='bbox 459 4193 533 4256; x_wconf 71' lang='lat' dir='ltr'>sold</span> <span class='ocrx_word' id='word_1_397' title='bbox 556 4194 636 4279; x_wconf 80' lang='grc' dir='ltr'>παρὰ</span> <span class='ocrx_word' id='word_1_398' title='bbox 652 4194 703 4265; x_wconf 81' lang='grc' dir='ltr'>τοὶς</span> <span class='ocrx_word' id='word_1_399' title='bbox 720 4188 838 4270; x_wconf 81' lang='grc' dir='ltr'>ἄλλοις“,</span> <span class='ocrx_word' id='word_1_400' title='bbox 863 4196 955 4276; x_wconf 84' lang='lat' dir='ltr'>sequi</span> <span class='ocrx_word' id='word_1_401' title='bbox 971 4212 1036 4257; x_wconf 91' lang='lat' dir='ltr'>non</span> <span class='ocrx_word' id='word_1_402' title='bbox 1051 4199 1155 4276; x_wconf 80' lang='lat' dir='ltr'>potest</span> <span class='ocrx_word' id='word_1_403' title='bbox 1170 4194 1242 4276; x_wconf 81' lang='lat' dir='ltr'>mel,</span> <span class='ocrx_word' id='word_1_404' title='bbox 1266 4191 1354 4276; x_wconf 87' lang='lat' dir='ltr'>quod</span> <span class='ocrx_word' id='word_1_405' title='bbox 1370 4190 1452 4253; x_wconf 83' lang='lat' dir='ltr'>buxi</span> <span class='ocrx_word' id='word_1_406' title='bbox 1473 4193 1602 4257; x_wconf 85' lang='lat' dir='ltr'>odorem</span> <span class='ocrx_word' id='word_1_407' title='bbox 1638 4224 1640 4239; x_wconf 73' lang='lat'><strong>¹</strong></span> 
     </span>
     <span class='ocr_line' id='line_1_57' title="bbox 141 4297 1640 4380; baseline 0 -20"><span class='ocrx_word' id='word_1_408' title='bbox 141 4298 267 4377; x_wconf 89' lang='lat' dir='ltr'>habeat,</span> <span class='ocrx_word' id='word_1_409' title='bbox 290 4317 434 4359; x_wconf 88' lang='lat' dir='ltr'>amarum</span> <span class='ocrx_word' id='word_1_410' title='bbox 457 4316 536 4361; x_wconf 88' lang='lat' dir='ltr'>esse.</span> <span class='ocrx_word' id='word_1_411' title='bbox 594 4299 801 4362; x_wconf 89' lang='lat' dir='ltr'>Desideratur</span> <span class='ocrx_word' id='word_1_412' title='bbox 831 4299 950 4362; x_wconf 91' lang='lat' dir='ltr'>mentio</span> <span class='ocrx_word' id='word_1_413' title='bbox 981 4297 1069 4360; x_wconf 88' lang='lat' dir='ltr'>floris</span> <span class='ocrx_word' id='word_1_414' title='bbox 1100 4297 1191 4379; x_wconf 77' lang='lat' dir='ltr'>buxi,</span> <span class='ocrx_word' id='word_1_415' title='bbox 1222 4298 1310 4361; x_wconf 93' lang='lat' dir='ltr'>unde</span> <span class='ocrx_word' id='word_1_416' title='bbox 1341 4315 1416 4380; x_wconf 89' lang='lat' dir='ltr'>apes</span> <span class='ocrx_word' id='word_1_417' title='bbox 1439 4298 1507 4362; x_wconf 92' lang='lat' dir='ltr'>mel</span> <span class='ocrx_word' id='word_1_418' title='bbox 1530 4317 1602 4361; x_wconf 89' lang='lat' dir='ltr'>con·</span> <span class='ocrx_word' id='word_1_419' title='bbox 1638 4362 1640 4371; x_wconf 73' lang='grc'>,</span> 
     </span>
     <span class='ocr_line' id='line_1_58' title="bbox 139 4399 1640 4484; baseline 0.001 -20"><span class='ocrx_word' id='word_1_420' title='bbox 139 4402 252 4484; x_wconf 84' lang='lat' dir='ltr'>ligant,</span> <span class='ocrx_word' id='word_1_421' title='bbox 278 4403 316 4464; x_wconf 94' lang='lat' dir='ltr'>de</span> <span class='ocrx_word' id='word_1_422' title='bbox 340 4421 403 4483; x_wconf 92' lang='lat' dir='ltr'>quo</span> <span class='ocrx_word' id='word_1_423' title='bbox 426 4401 553 4464; x_wconf 92' lang='lat' dir='ltr'>Plinius</span> <span class='ocrx_word' id='word_1_424' title='bbox 578 4403 655 4464; x_wconf 86' lang='lat' dir='ltr'>dicit</span> <span class='ocrx_word' id='word_1_425' title='bbox 686 4401 782 4484; x_wconf 85' lang='lat' dir='ltr'>„flore</span> <span class='ocrx_word' id='word_1_426' title='bbox 809 4421 875 4464; x_wconf 92' lang='lat' dir='ltr'>non</span> <span class='ocrx_word' id='word_1_427' title='bbox 908 4402 1098 4484; x_wconf 88' lang='lat' dir='ltr'>spernend0,</span> <span class='ocrx_word' id='word_1_428' title='bbox 1128 4421 1211 4484; x_wconf 86' lang='lat' dir='ltr'>quae</span> <span class='ocrx_word' id='word_1_429' title='bbox 1239 4420 1335 4464; x_wconf 87' lang='lat' dir='ltr'>causa</span> <span class='ocrx_word' id='word_1_430' title='bbox 1360 4400 1436 4465; x_wconf 89' lang='lat' dir='ltr'>etc.“</span> <span class='ocrx_word' id='word_1_431' title='bbox 1497 4399 1600 4476; x_wconf 79' lang='lat' dir='ltr'>Quare</span> <span class='ocrx_word' id='word_1_432' title='bbox 1638 4462 1640 4483; x_wconf 28' lang='grc' dir='ltr'>ἱ</span> 
     </span>
     <span class='ocr_line' id='line_1_59' title="bbox 142 4503 1640 4588; baseline 0.001 -20"><span class='ocrx_word' id='word_1_433' title='bbox 142 4511 226 4569; x_wconf 90' lang='lat' dir='ltr'>recte</span> <span class='ocrx_word' id='word_1_434' title='bbox 250 4505 462 4570; x_wconf 84' lang='lat' dir='ltr'>Schneiderus</span> <span class='ocrx_word' id='word_1_435' title='bbox 487 4505 560 4586; x_wconf 87' lang='lat' dir='ltr'>(lli,</span> <span class='ocrx_word' id='word_1_436' title='bbox 584 4506 661 4587; x_wconf 80' lang='lat'>239)</span> <span class='ocrx_word' id='word_1_437' title='bbox 685 4507 868 4588; x_wconf 89' lang='lat' dir='ltr'>suspicatus</span> <span class='ocrx_word' id='word_1_438' title='bbox 891 4524 960 4569; x_wconf 90' lang='lat' dir='ltr'>esse</span> <span class='ocrx_word' id='word_1_439' title='bbox 983 4506 1061 4567; x_wconf 92' lang='lat' dir='ltr'>mihi</span> <span class='ocrx_word' id='word_1_440' title='bbox 1084 4506 1221 4587; x_wconf 85' lang='lat' dir='ltr'>videtur,</span> <span class='ocrx_word' id='word_1_441' title='bbox 1245 4504 1329 4588; x_wconf 87' lang='lat' dir='ltr'>apud</span> <span class='ocrx_word' id='word_1_442' title='bbox 1346 4503 1598 4587; x_wconf 89' lang='lat' dir='ltr'>Theophrastum</span> <span class='ocrx_word' id='word_1_443' title='bbox 1638 4570 1640 4577; x_wconf 81' lang='grc'>,</span> 
     </span>
     <span class='ocr_line' id='line_1_60' title="bbox 144 4607 1601 4691; baseline -0.001 -19"><span class='ocrx_word' id='word_1_444' title='bbox 144 4609 227 4672; x_wconf 92' lang='lat' dir='ltr'>hanc</span> <span class='ocrx_word' id='word_1_445' title='bbox 257 4609 452 4671; x_wconf 89' lang='lat' dir='ltr'>mentionem</span> <span class='ocrx_word' id='word_1_446' title='bbox 487 4609 655 4673; x_wconf 84' lang='lat' dir='ltr'>excidisse.</span> <span class='ocrx_word' id='word_1_447' title='bbox 711 4607 774 4672; x_wconf 81' lang='lat' dir='ltr'>Sed</span> <span class='ocrx_word' id='word_1_448' title='bbox 807 4613 890 4672; x_wconf 87' lang='lat' dir='ltr'>certa</span> <span class='ocrx_word' id='word_1_449' title='bbox 924 4608 1032 4691; x_wconf 88' lang='lat' dir='ltr'>verba,</span> <span class='ocrx_word' id='word_1_450' title='bbox 1068 4628 1149 4691; x_wconf 91' lang='lat' dir='ltr'>quae</span> <span class='ocrx_word' id='word_1_451' title='bbox 1184 4609 1236 4671; x_wconf 93' lang='lat' dir='ltr'>hic</span> <span class='ocrx_word' id='word_1_452' title='bbox 1270 4614 1395 4671; x_wconf 81' lang='lat' dir='ltr'>exstare</span> <span class='ocrx_word' id='word_1_453' title='bbox 1428 4611 1601 4690; x_wconf 89' lang='lat' dir='ltr'>potuerint,</span> 
     </span>
    </p>
   </div>
   <div class='ocr_carea' id='block_1_11' title="bbox 140 4712 1640 4795">
    <p class='ocr_par' dir='ltr' id='par_1_15' title="bbox 140 4712 1640 4795">
     <span class='ocr_line' id='line_1_61' title="bbox 140 4712 1640 4795; baseline 0.001 -23"><span class='ocrx_word' id='word_1_454' title='bbox 140 4712 261 4775; x_wconf 83' lang='lat' dir='ltr'>adferre</span> <span class='ocrx_word' id='word_1_455' title='bbox 284 4731 335 4776; x_wconf 94' lang='lat' dir='ltr'>me</span> <span class='ocrx_word' id='word_1_456' title='bbox 358 4733 424 4776; x_wconf 90' lang='lat' dir='ltr'>non</span> <span class='ocrx_word' id='word_1_457' title='bbox 447 4731 541 4795; x_wconf 89' lang='lat' dir='ltr'>posse</span> <span class='ocrx_word' id='word_1_458' title='bbox 563 4712 719 4795; x_wconf 87' lang='lat' dir='ltr'>profiteor.</span> <span class='ocrx_word' id='word_1_459' title='bbox 1637 4714 1640 4773; x_wconf 87' lang='lat' dir='ltr'>l</span> 
     </span>
    </p>
   </div>
   <div class='ocr_carea' id='block_1_12' title="bbox 0 0 1652 5436">
    <p class='ocr_par' dir='ltr' id='par_1_16' title="bbox 0 0 1652 5436">
     <span class='ocr_line' id='line_1_62' title="bbox 0 0 1652 5436; baseline 0 0"><span class='ocrx_word' id='word_1_460' title='bbox 0 0 1652 5436; x_wconf 95' lang='lat' dir='ltr'> </span> 
     </span>
    </p>
   </div>
  </div>
 </body>
</html>
