3188 5206
773 183 816 246 95

13 448 22 483 ,ν
170 390 297 473 Peragr.
322 390 397 470 243,
430 391 490 453 etri
513 389 749 473 Theophrastus
781 410 845 453 non
879 402 1105 455 commemorat
1132 394 1254 457 tardius
1282 399 1369 458 visco
1398 392 1529 456 arbores

77 497 184 575 namu,
212 501 319 558 tamen
348 513 390 558 ex
419 495 479 556 hoc
508 492 644 558 fluxisse
671 495 757 557 haud
787 497 978 576 negaverim.
1026 495 1160 560 Viscum
1190 504 1314 579 praeter
1343 498 1466 559 fructus
1490 498 1524 558 iu

67 598 229 664 arboribus
252 599 344 662 nasci
367 597 588 682 compluribus
611 597 816 682 Theophrasti
839 599 916 662 locis
940 601 988 680 (cl.
1010 601 1070 685 ΙΙΙ,
1095 605 1127 684 7,
1151 603 1180 666 6.
1228 600 1289 683 ΙΙΙ,
1315 602 1367 682 16,
1392 603 1406 663 1
1433 601 1528 680 alias)

69 704 213 787 legimus.
260 701 367 767 Verba
399 722 485 784 „non
516 703 548 763 iu
582 704 766 765 novissimis
793 703 955 767 mirabileu
989 715 1065 770 sunt
1098 708 1202 789 „haud
1226 727 1341 790 parum
1371 703 1528 794 mirabile⁷

66 808 161 873 valde
183 805 359 871 mirabile“.
405 804 526 870 Eodem
552 807 645 870 modo
669 808 718 869 his
742 806 848 870 verbis
873 828 956 888 „non
982 812 1013 872 iu
1039 813 1243 875 novissimis‘
1267 811 1395 874 Plinius
1423 810 1524 873 utitur

61 911 194 993 XVIII,
223 911 306 980 245:
339 931 396 992 „ac
426 931 490 974 non
514 913 549 973 in
573 913 758 974 novissimis
780 918 921 992 cavetur,
951 932 991 977 ue
1020 917 1108 978 eto.“.
1162 915 1234 978 Hoc
1264 916 1332 978 loco
1364 933 1420 996 per
1448 914 1527 977 haec

58 1017 192 1081 Plinius
214 1018 349 1080 vertisse
371 1016 500 1079 ridetur
520 1015 726 1097 Theophrasti
750 1015 846 1078 verba
868 1017 1128 1098 ,θαυμασιώτατον
1152 1018 1179 1082 d'
1196 1015 1230 1083 ἂν
1254 1019 1388 1092 ὃόξειενίι.

167 1136 270 1202 Maior
299 1156 373 1221 pars
404 1156 526 1220 paragr.
558 1136 622 1200 244
652 1156 692 1200 ex
723 1136 935 1220 Theophrasto
966 1138 1101 1205 fluxisse
1132 1148 1251 1225 potest,
1288 1143 1342 1205 sed
1375 1142 1427 1202 hio
1458 1159 1522 1202 uon

64 1243 146 1307 dicit
177 1242 373 1326 polypodion
408 1242 492 1303 circa
524 1239 669 1324 Tempe
703 1238 947 1305 Thessalica
982 1247 1079 1307 nasci.
1138 1246 1199 1308 Pro
1226 1247 1411 1328 „phauuos“
1437 1243 1523 1326 apud

64 1345 210 1410 Plinium
243 1345 431 1426 Salmasius,
462 1343 617 1427 Silligius,
648 1344 861 1408 scaneins-:us
897 1350 1092 1431 scripserunt
1125 1351 1323 1432 „phaulias“,
1358 1355 1442 1412 reete
1475 1366 1527 1410 me

68 1451 197 1532 quidem
221 1450 349 1527 iudice;
372 1469 447 1511 nam
472 1445 599 1532 φαυλίαν
623 1448 755 1511 oleastro
781 1450 930 1531 deputato
949 1455 1040 1535 gigni
1057 1455 1141 1537 apud
1163 1454 1367 1517 hastathium
1392 1470 1523 1535 quoque

68 1553 201 1637 legimus
232 1554 272 1618 ad
303 1552 393 1616 Iliad.
416 1552 459 1616 24
481 1572 552 1636 pag.
580 1552 677 1616 1492:
710 1549 799 1629 „iiber
822 1551 871 1616 καὶ
895 1553 995 1638 φαύλη
1027 1554 1113 1620 ἐλαία
1144 1556 1163 1641 ἡ
1194 1555 1400 1642 μικρόκαρπος,
1431 1550 1526 1637 ἣκαὶ

69 1656 182 1741 maulia,
214 1657 350 1742 γινομένη
380 1653 467 1742 φασὶν
496 1658 529 1720 ἐκ
551 1654 662 1719 κοτίνου
686 1656 821 1728 κοπέντος
843 1653 864 1741 ἤ
888 1661 1189 1744 μεταφοτεοθέντος“;
1222 1682 1296 1724 crim
1329 1659 1524 1722 vocabulum

78 1764 254 1844 ‚,phauu0s“
302 1762 388 1844 apud
421 1761 549 1824 nullum
585 1760 750 1824 Graecum
781 1769 939 1827 auctorem
974 1783 1081 1847 neque
1114 1767 1200 1848 apud
1236 1766 1337 1829 ullum
1373 1763 1524 1827 Latinum

77 1872 189 1945 praeter
212 1868 302 1931 hunc
324 1865 422 1928 Plinii
445 1865 552 1928 locum
575 1866 768 1929 inveniatur.

172 1987 265 2063 Quae
289 1989 328 2050 de
351 1988 580 2069 hippophaesto
604 1987 730 2050 Plinius
754 1988 890 2069 praebet,
921 1991 948 2050 si
972 1990 1202 2052 contulerimus
1228 2010 1301 2053 cum
1326 1988 1527 2052 Dioscoridis

11 2126 13 2143 ι
76 2090 189 2172 verbis,
231 2092 327 2174 plane
370 2090 502 2153 confusa
541 2111 610 2155 esse
653 2091 841 2154 videbimus.
901 2092 1027 2155 Plinius
1067 2095 1319 2178 hippophaeston
1360 2095 1450 2176 gigni
1488 2094 1523 2153 iu

80 2195 161 2274 spina
184 2196 320 2259 fullonia
344 2195 430 2276 dicit,
462 2192 663 2258 Dioscorides
692 2196 797 2277 ipsum
823 2215 892 2259 esse
914 2199 1039 2280 generis
1063 2201 1174 2280 spinae
1196 2199 1348 2261 fulloniae
1380 2208 1411 2261 et
1433 2198 1524 2260 humi

74 2310 190 2378 repere;
217 2300 405 2380 „cauliculis
428 2298 599 2361 inanibus‘
623 2300 705 2361 hano
728 2300 869 2381 plantam
893 2319 961 2364 esse
985 2302 1071 2383 apud
1099 2302 1242 2366 Plinium
1266 2305 1414 2386 legimus,
1437 2301 1524 2384 apud

21 2394 24 2399 ’
72 2392 284 2468 Dioscoridem
314 2406 397 2466 hanc
420 2401 565 2478 ‚multu
597 2405 728 2466 omniuo
757 2423 823 2465 nou
852 2404 982 2477 habere;
1015 2425 1054 2467 an
1080 2406 1206 2469 Plinius
1239 2408 1316 2469 haec
1348 2406 1527 2486 desumpsit

71 2517 110 2567 ex
140 2508 246 2572 verbis
275 2506 443 2592 ,κεφάλαια
473 2509 611 2593 padam?
667 2506 817 2570 Radicem
854 2507 958 2570 albam
994 2527 1062 2572 esse
1097 2509 1300 2573 Dioscorides
1336 2529 1400 2571 nou
1436 2528 1523 2571 com-

70 2618 227 2676 memorat.
276 2614 364 2686 Quae
398 2631 472 2674 cum
496 2615 540 2675 ita
565 2614 640 2692 sint,
670 2613 748 2674 haec
772 2612 810 2674 de
834 2613 1061 2694 hippophaesto
1085 2613 1182 2676 Plinii
1215 2615 1311 2677 verba
1339 2634 1381 2677 ex
1413 2613 1525 2676 eodem

65 2723 192 2780 auctore
215 2720 312 2798 atque
335 2735 383 2796 ea,
408 2735 490 2797 quae
508 2714 713 2778 Dioscorides
733 2716 870 2798 praebet,
894 2715 1030 2780 fluxisse
1046 2723 1134 2799 puto,
1158 2719 1252 2780 cuius
1272 2718 1367 2782 verba
1384 2717 1526 2795 Plinius,

18 2804 21 2811 ¹
64 2820 100 2877 Ut
125 2822 311 2904 saepissime
332 2819 547 2901 Theophrasti,
572 2819 651 2882 falso
674 2821 834 2884 intellexit
856 2831 887 2884 et
911 2821 1002 2883 valde
1026 2821 1177 2884 confudit.
1224 2822 1335 2886 Cetera
1358 2841 1400 2884 ex
1425 2821 1527 2883 Theo·

10 2918 12 2923 ’
61 2917 191 2993 Pbrasto
215 2929 345 3006 sumpta
368 2942 439 2986 esse
460 2930 607 3006 possunt,
632 2925 687 2988 sed
710 2944 767 3008 pro
791 2933 875 2989 certo
899 2927 958 2987 hoc
981 2925 1174 2988 contendere
1198 2946 1262 2987 non
1287 2927 1401 2988 audeo.

132 3077 339 3146 O.P.11,17,1.
369 3077 767 3152 ...ἠῐξίακοιὶὴστελὶς
890 3082 983 3148 ξ245.
1021 3079 1098 3132 Visoi
1123 3080 1174 3132 iria
1192 3096 1293 3146 genera,
1322 3095 1466 3146 namque
1490 3079 1525 3131 iu

55 3167 119 3220 καἰ
144 3165 180 3221 τὸ
208 3163 333 3239 ὖφέαρ·
365 3163 401 3218 ὧν
429 3165 488 3237 τὴν
517 3170 573 3239 μὲν
601 3168 765 3220 καλοῦσιν
819 3167 950 3234 abiate,
982 3167 1090 3220 laniae
1121 3166 1229 3219 stelin
1262 3167 1354 3220 dicit
1386 3165 1525 3219 Euboea

55 3235 220 3323 Εὐβοεῖς,
244 3252 280 3306 τὸ
305 3255 339 3305 δὲ
364 3249 470 3325 ὑφέαρ
493 3249 664 3326 Ἀρκάδες,
696 3250 766 3325 ἡδὲ
820 3255 936 3319 nasei,
978 3252 1134 3321 hyphear
1175 3253 1341 3321 Arcadia,
1388 3253 1524 3306 viscum

53 3325 115 3390 ίξίοι
131 3334 214 3412 κοινή.
247 3338 278 3393 Οἱ
297 3342 342 3410 μὲν
363 3334 407 3391 οὖν
427 3359 502 3411 φασιν
523 3341 587 3393 εἶναι
604 3337 690 3394 πάντα
706 3342 766 3412 μίαν
820 3343 933 3393 autem
951 3340 983 3392 in
1003 3356 1149 3408 quercu,
1168 3339 1302 3407 robore,
1321 3339 1422 3406 ilice,
1440 3356 1528 3406 pruno

51 3424 121 3479 tWoi
139 3424 222 3500 φύσιν,
240 3431 278 3497 τῷ
299 3427 327 3480 δὲ
345 3427 371 3478 ἐν
390 3427 488 3498 ἑτέροις
507 3423 618 3499 φύεσθαι
636 3427 766 3500 διαφέρειν
821 3427 951 3494 silvestri,
977 3426 1193 3492 terebintho,
1221 3443 1270 3479 neo
1297 3426 1358 3480 aliis
1385 3426 1526 3480 arboribus

50 3495 161 3566 ’λθ-κεῖν·
192 3511 228 3566 τὸ
254 3511 315 3586 γὰρ
340 3510 447 3586 ὑφέαρ
472 3515 505 3566 ἐν
530 3519 604 3573 ταῖς
630 3510 768 3574 ἐλάταις
821 3513 947 3582 adgnasci
966 3513 1095 3581 plerique.
1138 3513 1357 3580 copiosissimum
1375 3513 1404 3564 in
1423 3528 1525 3579 quercu

47 3600 120 3652 κοιί
153 3597 296 3659 πεύκαις
332 3602 461 3672 γίνεται
497 3602 553 3654 καὶ
586 3597 604 3673 ἡ
638 3601 766 3662 στελίς·
820 3601 966 3669 adasphaar
990 3604 1094 3653 vocant.
1143 3601 1171 3652 in
1199 3601 1270 3653 omni
1295 3600 1387 3652 arbore
1411 3603 1524 3666 excepta

46 3665 68 3741 a]
99 3681 204 3746 b’tata
228 3689 284 3740 aab
309 3688 341 3739 ἐν
366 3689 440 3758 δρυῒ
462 3690 519 3740 καὶ
542 3689 574 3740 ἐν
593 3689 766 3760 τερμίνθῳ
820 3687 883 3740 ilice
902 3691 929 3740 et
948 3704 1049 3756 quercu
1067 3687 1244 3740 differentiam
1268 3687 1331 3739 lacit
1350 3685 1523 3738 odorvirus-

45 3772 109 3826 καὶ
125 3773 151 3826 ἐν
169 3774 266 3846 ἑτέροις
285 3774 407 3827 πλείοσιν.
821 3789 873 3839 que
896 3776 924 3825 et
948 3773 1042 3826 lolium
1067 3790 1118 3828 non
1143 3774 1256 3828 iucundi
1281 3773 1379 3839 odoris,
1409 3775 1528 3838 utroque

133 3857 164 3910 n.
184 3858 214 3911 P.
232 3858 283 3924 Ill,
310 3865 349 3925 16,
376 3864 398 3917 1,
440 3857 473 3913 ‘u
499 3861 533 3914 δὲ
557 3867 675 3933 πρῖνος
821 3859 891 3912 visci
909 3876 997 3915 amaro
1015 3863 1042 3913 et
1060 3861 1138 3915 leuto.

45 3924 152 4018 ἵῦχει
170 3947 198 4000 δὲ
216 3949 272 4000 καὶ
292 3947 379 4006 ἰξίαν
397 3949 454 3999 καὶ
473 3944 589 4020 ὑφέαρ.

170 4084 221 4148 Ex
255 4086 314 4149 hac
347 4087 542 4169 paragrapho
579 4087 668 4150 nulla
701 4088 762 4150 alia
797 4088 860 4150 nisi
892 4107 944 4168 ea,
980 4108 1061 4171 quaa
1092 4089 1204 4152 litteris
1233 4088 1330 4150 latius
1360 4087 1526 4170 dispositis

50 4183 202 4270 Signari,
225 4191 310 4272 apud
334 4190 584 4272 Theophrastum
608 4199 745 4254 exstant.

133 4342 160 4396 C.
178 4343 208 4397 P.
228 4343 264 4411 Π,
285 4349 327 4411 17,
346 4351 370 4402 6.
413 4340 431 4416 i,
450 4344 499 4405 λξία
516 4341 700 4417 minutalia
720 4348 765 4399 καὶ
887 4346 903 4413 ᾗ
939 4351 1000 4403 246.
1052 4345 1214 4414 Hyphear
1256 4347 1296 4398 ad
1332 4345 1524 4413 saginanda

51 4423 101 4480 ῒὸ
124 4427 241 4505 ὑφέοιρ·
276 4428 377 4491 τούτοις
401 4430 448 4505 γὰρ
476 4430 507 4503 δὴ
532 4429 659 4491 καὶτοὺς
687 4434 766 4503 βοῦς
819 4432 1102 4500 peoorautilius.
1140 4432 1526 4500 uitiamodopurgatprinm,

55 4515 120 4568 aar
142 4515 181 4570 τὰ
206 4514 372 4589 ὑποζύγια
399 4516 584 4594 χολεόοοοι
611 4520 667 4572 καὶ
687 4515 765 4572 ἀνα·
819 4515 1074 4587 dein⁹pinguelaoit
1105 4534 1172 4587 quao
1198 4522 1334 4574 'suffecere
1361 4519 1521 4588 purgationi,
1559 4523 1564 4529 '

58 4604 225 4676 τρέφοοσι
244 4604 328 4676 μετὰ
346 4603 423 4665 τοὺς
441 4603 636 4679 θερισμοός.
820 4606 919 4673 quibus
945 4605 982 4658 sit
998 4605 1088 4673 aliqua
1106 4606 1180 4659 labes
1198 4606 1273 4659 intus
1298 4609 1395 4675 negant
1420 4606 1522 4658 durare.

131 4695 154 4746 2.
192 4693 266 4745 ἐπεὶ
290 4689 325 4745 τό
349 4712 384 4763 γε
408 4692 467 4766 τὴν
494 4696 550 4764 μὲν
580 4688 766 4766 ἀείφυλλον
819 4708 850 4744 ea
884 4691 1009 4744 medendi
1050 4693 1117 4745 ratio
1153 4693 1303 4746 aestatis
1347 4693 1522 4761 quadragenis

65 4770 151 4833 titur
176 4783 245 4832 τῶν
274 4777 379 4841 ἐξιὼν,
407 4779 465 4851 τὴν
489 4777 767 4854 δὲφυλλοβόλον,
820 4779 925 4832 diebus.
970 4779 1092 4832 adiciunt
1115 4779 1260 4832 discrimen
1286 4781 1383 4832 visco
1409 4780 1441 4831 iu
1466 4781 1524 4832 his
