3292 5436
770 100 812 164 25

56 322 247 409 πυκνότερον·
281 323 313 385 τὸ
348 321 381 385 δὲ
415 328 465 405 τῆς
501 321 622 407 θηλείας
658 322 841 409 λευκότερον·
874 323 924 389 καί
960 324 976 389 ὁ
1007 327 1107 411 φλοιὸς
1219 327 1247 399 ἐξ
1278 321 1313 390 οὗ
1341 326 1391 399 τὰς
1422 325 1522 398 κίστας

57 433 206 492 ποιοῦσιν·
230 426 272 491 ἔτι
295 425 323 491 δ’
339 425 533 513 εὐωδέστερον
556 428 588 490 τὸ
612 433 662 512 τῆς
686 424 835 511 θηλείας.“
881 430 952 505 Quo
975 432 1067 494 hacc:
1092 428 1153 507 ,ἔτι
1250 429 1282 493 τὸ
1305 437 1356 514 τῆς
1380 429 1521 514 θηλείαις(ι
1579 454 1591 461 ··

58 533 227 597 referenda
249 533 348 596 sunt?
393 532 446 595 Ad
469 533 628 613 corticem,
653 532 691 596 de
716 552 780 616 quo
803 553 851 615 ea,
876 554 958 617 (puae
982 536 1186 616 antecedunt,
1217 536 1302 598 diota
1333 542 1420 618 sunt,
1451 555 1522 619 per-

56 640 161 702 tinere
182 656 247 700 nou
271 642 409 720 possunt
438 641 566 719 propter
596 637 722 699 articuli
751 637 884 701 formam
914 641 1061 702 neutrius
1092 640 1219 722 generis
1249 636 1357 722 neque
1385 640 1427 704 ad
1450 639 1523 717 ,,τὸ“

56 742 110 804 hic
139 740 282 824 suppleri
310 758 405 822 posse
433 738 553 815 ,,ξυ’λον“
583 741 755 804 verisimile
789 742 867 805 mihi
901 743 1034 808 videtur.
1092 743 1239 823 secedit,
1274 745 1359 827 quod
1394 744 1522 808 Plinius

57 846 267 909 odoratiorem
291 847 456 908 materiem
479 844 566 907 tiliae
589 845 693 906 mari
715 843 835 921 tribuit.
871 845 976 921 Quare
991 845 1150 910 Robertus
1167 848 1252 930 apud
1268 847 1521 931 Theophrastum

57 950 134 1013 addi
167 948 270 1012 voluit
303 947 353 1024 ,τὸ
388 946 470 1021 ξύλον
501 953 551 1031 τῆς
586 941 722 1032 ἅρρενος“
756 956 787 1012 et
820 949 870 1024 „td
904 956 955 1034 τῆς
987 949 1127 1033 θηλείας“
1158 953 1274 1015 mutari
1305 952 1339 1014 in
1370 955 1440 1027 ,τοῦ
1469 957 1521 1034 τῆς
1579 984 1588 995 ⁸

58 1050 210 1135 dalaiae*
262 1052 476 1116 Schneiderua
501 1051 667 1133 (111,198)
699 1054 881 1134 suspicatus
909 1054 985 1118 haec
1016 1055 1113 1118 verba
1144 1074 1214 1119 esse
1245 1075 1304 1119 suo
1334 1056 1402 1118 loco
1437 1064 1521 1119 mota

57 1159 187 1221 omissis
220 1157 270 1234 „ri
304 1161 356 1240 τῆς
390 1153 533 1239 θηλείας(ί
567 1158 675 1239 posuit
707 1162 781 1238 post
815 1157 912 1221 verba
947 1155 1014 1234 ,καὶ
1048 1157 1248 1243 ποκνύτερον“,
1284 1161 1337 1222 cui
1372 1160 1522 1242 equidem

58 1262 229 1325 adsentior.

164 1365 222 1447 Ea,
245 1386 328 1448 quae
350 1365 477 1429 Plinius
507 1363 567 1428 sub
596 1362 693 1429 finem
723 1364 800 1427 dicit
829 1365 868 1429 de
898 1367 1029 1448 tunicis,
1061 1386 1143 1448 quae
1173 1367 1237 1430 sint
1264 1367 1347 1430 inter
1370 1369 1521 1431 corticem

58 1475 91 1533 et
128 1469 253 1552 lignum
292 1477 323 1533 et
360 1470 398 1533 de
436 1470 581 1549 materie,
625 1468 712 1550 apud
748 1469 998 1552 Theophrastum
1041 1490 1107 1533 non
1151 1475 1279 1534 exstant
1316 1477 1347 1534 et
1388 1472 1522 1535 aliunde

59 1578 190 1656 sumpta
220 1579 307 1639 sunt.

165 1679 203 1740 In
234 1697 355 1761 paragr.
379 1678 421 1742 66
446 1677 573 1740 Plinius
596 1676 741 1758 loquitur
763 1677 803 1739 de
826 1677 972 1740 acoribus
1004 1677 1211 1741 nascentibus
1239 1680 1273 1740 in
1305 1678 1406 1741 Gallia
1439 1678 1525 1740 aliis·

59 1799 125 1863 que
155 1782 246 1845 terris
276 1787 364 1845 trans
386 1782 479 1866 Alpis
511 1783 591 1862 sitis,
624 1800 704 1863 quas
726 1779 959 1863 Theophrastus
991 1782 1135 1845 nondum
1168 1790 1306 1846 noverat.
1352 1782 1396 1845 Ni
1420 1781 1525 1864 fallor,

57 1885 112 1947 hic
136 1884 271 1948 Latinus
295 1891 406 1949 auctor
428 1886 590 1949 adhibitus
614 1893 670 1948 est.

130 2004 181 2070 ΠΙ,
201 2009 242 2072 ll,
261 2011 285 2062 2·
323 2005 354 2062 Ol
373 2003 397 2060 δ’
412 2008 437 2059 έν
456 2012 494 2079 τῷ
506 2003 632 2078 ’λλλύμπιρ
651 2002 699 2077 τὴν
719 2008 765 2077 μὲν

59 2093 149 2163 (apina
175 2087 258 2165 ὄρειον
283 2094 390 2164 μᾶλλον,
414 2092 461 2165 τὴν
487 2095 515 2148 δὲ
540 2094 703 2165 σφένὸοιμνον
722 2092 767 2144 καὶ

59 2180 162 2237 ἐντοῖς
185 2179 280 2238 πεδίοις
306 2177 429 2253 φύεσθαι·
456 2181 542 2233 εἶναι
570 2179 680 2251 δὲτὴν
709 2181 766 2248 μὲν

58 2267 93 2318 έν
118 2269 162 2336 τῷ
185 2260 255 2338 ύρει
281 2268 453 2339 φυομένην
480 2265 575 2337 Ξανίλήν
594 2267 639 2319 καί
658 2261 767 2338 εύχρουν

57 2353 116 2405 καὶ
135 2346 239 2422 ούλην
264 2353 321 2405 καὶ
346 2348 500 2424 στερεὰν,
520 2346 536 2424 ᾗ
556 2354 612 2405 καὶ
631 2350 711 2425 πρὸς
730 2347 767 2403 τὰ

57 2438 233 2509 πολυτελῆ
257 2442 317 2490 τῶν
344 2439 446 2512 ἔργων
471 2443 628 2513 χρῶνται·
653 2437 711 2509 τὴν
735 2438 768 2490 δὲ

57 2522 200 2595 πεδινὴν
234 2521 358 2596 λευκήν
388 2545 422 2577 τε
450 2527 494 2578 καὶ
533 2527 678 2597 μανοτέραν
712 2525 768 2576 καὶ

56 2605 166 2681 ἦττον
193 2605 305 2683 ούλην.
343 2607 496 2664 Kalonos
521 2608 661 2683 δἀύτὴν
683 2612 768 2664 ἔνιοι

56 2697 207 2767 γλεῖνον,
227 2693 257 2750 ού
277 2697 454 2770 οφένδαμνον·
477 2700 609 2768 καὶτῆς
629 2692 768 2770 ἄρρενος

890 2007 972 2072 ξ67.
1022 2004 1115 2058 Graeci
1147 2005 1202 2058 situ
1234 2005 1398 2070 discernunt,
1435 2022 1525 2058 cam·
1606 2066 1611 2071 ⁴

820 2093 934 2158 pestra
953 2092 1043 2145 onim
1062 2092 1247 2145 candidum
1261 2107 1339 2145 osse
1355 2108 1416 2145 uec
1434 2093 1525 2145 oris·

820 2194 896 2245 pum
916 2209 948 2215 -
968 2179 1057 2245 quod
1076 2178 1198 2247 glinon
1217 2182 1346 2232 vocant
1364 2209 1406 2247 -,
1431 2193 1524 2232 mon·

821 2268 935 2316 tanum
980 2281 1060 2318 vero
1108 2265 1265 2333 crispius
1314 2266 1524 2334 duriusque,

821 2350 1004 2403 etiamnum
1039 2367 1054 2404 o
1090 2351 1243 2405 mascula
1286 2352 1445 2419 crispius
1486 2352 1524 2404 od

820 2435 972 2490 lautiora
997 2453 1109 2504 opera,
1139 2437 1246 2490 tertiam
1277 2453 1361 2505 genus
1391 2437 1525 2505 zygiam

821 2523 1015 2590 rubentem,
1041 2523 1120 2576 fissili
1146 2523 1228 2591 liguo,
1253 2525 1386 2577 cortice
1411 2523 1527 2575 livido

821 2613 856 2662 et
880 2611 1009 2664 scabro.
1051 2611 1103 2664 hoc
1131 2610 1176 2663 alii
1205 2611 1310 2678 generis
1339 2610 1439 2678 proprii
1466 2624 1527 2661 osse

821 2696 924 2750 malunt
942 2699 969 2750 et
986 2695 1080 2750 Latine
1102 2697 1240 2764 carpoinum
1259 2696 1400 2764 appellant.

57 2779 229 2856 οὐλότερον
247 2781 280 2837 τὰ
300 2781 363 2843 ξύλα
381 2785 426 2837 καὶ
445 2787 665 2856 συνεστραμμένα.

133 2875 156 2926 1.
197 2868 309 2944 διαφορὰ
339 2867 363 2923 δ’
385 2871 438 2923 ἐστὶ
465 2875 510 2941 τῆς
539 2873 624 2942 Cupio:
652 2872 696 2923 καὶ
722 2873 769 2940 τῆς

61 2955 237 3030 σφενδάμνου,
264 2954 302 3012 ύτι
321 2954 338 3029 ἡ
358 2961 404 3029 μέν
424 2960 585 3031 σφένδαμνος
604 2955 695 3010 λευκὸν
715 2957 770 3029 ἔχει

62 3042 94 3095 τὸ
116 3040 191 3102 ξύλον
210 3047 255 3098 καὶ
274 3041 427 3117 εύινύτερον,
447 3042 464 3117 ἠ
483 3047 510 3099 δὲ
530 3046 601 3116 Cupio
615 3042 706 3102 ξανίλὸν
725 3044 770 3094 καὶ

59 3125 149 3183 οὖλον.
202 3129 239 3184 Τὸ
267 3132 295 3185 δὲ
323 3129 420 3204 φύλλον
449 3128 586 3203 εὐμέγεθες
616 3126 708 3203 τίμφω,
736 3133 769 3200 τῇ

60 3217 148 3290 σχίσει
166 3212 255 3287 ὅμοιον
273 3223 312 3290 rip
326 3223 373 3290 τῆς
385 3216 526 3282 πλατάνου,
545 3216 659 3281 τετανὸν,
678 3213 768 3270 λεπτύ-

57 3322 137 3376 τερον
170 3305 197 3357 δὲ
230 3306 275 3358 καὶ
303 3301 478 3379 οίσαρκύτερον
511 3307 555 3359 καὶ
584 3301 768 3376 μαλακώτερον

58 3392 106 3442 καὶ
125 3393 338 3464 προμηκέστερον
362 3391 394 3445 τὰ
420 3394 447 3446 δὲ
466 3389 591 3467 σχίσμαλλ’
604 3386 652 3445 tle
671 3393 707 3450 είς
726 3387 769 3450 ὀξύ

60 3472 217 3546 συνήνοντα,
236 3480 280 3531 καὶ
300 3476 350 3552 οὐχ
369 3474 438 3532 ούτω
453 3481 602 3554 μεσοσχιᾶῆ,
623 3474 681 3531 αλλ’
692 3473 769 3551 οίκρο-

62 3563 361 3637 σχιδέστεραυη..
394 3562 488 3642 Ἔχει
518 3568 546 3619 δὲ
575 3567 619 3619 καὶ
652 3565 768 3638 φλοιίν

60 3654 170 3722 μιαρῷ
190 3649 401 3726 τραχύτερον
421 3659 468 3707 τοῦ
487 3660 533 3725 τῆς
553 3650 668 3727 φιλύρας,
689 3649 769 3706 1λττο-

59 3738 194 3800 πέλιον,
231 3736 324 3812 παχύν,
361 3742 405 3792 καὶ
441 3738 599 3814 πυκνότερον
630 3737 648 3813 ἢ
679 3737 692 3793 d
723 3745 770 3810 τῆς

60 3826 160 3887 πίτυος,
179 3824 224 3876 καὶ
243 3822 362 3898 ἀκαμπῆ.

167 3930 257 3997 Haeo
282 3934 361 4016 quin
385 3932 513 3997 Plinius
537 3953 579 3997 ex
601 3932 816 4016 Theophrasto
851 3934 892 3995 sit
921 3936 1099 4011 mutuatus,
1132 3932 1281 4013 equidem
1312 3951 1376 3994 non
1406 3931 1530 4010 dubito,

61 4037 118 4102 sed
144 4055 208 4100 non
232 4039 309 4100 satis
333 4038 501 4122 diligenter
525 4040 595 4102 eius
619 4037 716 4101 rerba
739 4039 842 4100 vertit.
899 4036 1134 4118 Theophrastus
1158 4037 1250 4098 initio
1274 4054 1342 4118 cap.
1368 4036 1404 4096 11
1432 4035 1527 4097 dicit:

65 4142 188 4222 „aceris
212 4140 264 4203 alii
289 4142 365 4224 dou,
395 4143 447 4205 alii
476 4144 537 4205 tria
564 4161 681 4225 genera
712 4140 864 4208 faciunt.“
922 4140 993 4204 Tria
1027 4159 1145 4224 genera
1178 4138 1366 4202 nominibus
1402 4144 1526 4200 tautum

62 4251 249 4310 enumerat:
280 4245 468 4332 σφένόομνον,
493 4244 601 4331 ζαμίαν,
624 4244 824 4331 κλινύτροχον;
858 4247 927 4329 ipse
962 4245 1000 4308 de
1035 4244 1162 4308 duobus
1197 4249 1322 4306 tautum
1356 4241 1530 4325 generibus

63 4352 210 4414 disserit:
237 4347 322 4433 ξογία
345 4348 395 4414 καὶ
420 4351 608 4436 σφένῦαμνος.
665 4348 790 4413 Deinde
814 4351 891 4413 dicit
914 4351 943 4430 (ᾗ
967 4350 1014 4427 Pl:
1054 4350 1131 4431 „qui
1154 4349 1187 4410 in
1214 4346 1351 4429 Olympo
1376 4347 1531 4424 habitant,

61 4451 164 4537 ζογίαν
186 4457 294 4537 potius
318 4457 352 4517 in
378 4456 541 4519 montibus
571 4455 660 4518 nasci
685 4454 807 4534 dicunt,
839 4453 1018 4538 σρένὸαμνον
1042 4455 1135 4516 etiam
1160 4453 1193 4513 in
1217 4452 1321 4534 planis
1346 4453 1415 4514 ie.
1441 4452 1528 4513 etin

62 4557 230 4622 montibus
254 4569 285 4623 et
306 4561 341 4622 in
365 4559 500 4642 planis‘,
524 4565 555 4622 et
577 4563 648 4641 post
671 4558 748 4621 hacc
772 4558 922 4622 describit
944 4557 1125 4642 σρένόαμνον
1160 4557 1210 4639 τὴν
1242 4557 1271 4618 ἐν
1302 4559 1343 4637 τῷ
1368 4547 1429 4638 ὄρει
1460 4577 1532 4638 φοο-

68 4663 160 4747 μένην
184 4671 215 4727 et
239 4663 419 4748 σφένόαμνον
443 4663 570 4747 πεδινήν.
617 4661 796 4746 Distinguit
824 4664 922 4745 igitur
945 4663 1179 4746 Theophrastus
1203 4661 1300 4722 huius
1324 4659 1443 4721 arboris
1467 4659 1533 4720 duo
