3292 5436
200 1433 361 1567 Plinium
379 1505 552 1584 materiem,
577 1523 673 1586 quam
690 1504 722 1565 in
745 1522 848 1586 opere,
872 1501 959 1585 quod
974 1502 1160 1566 inscribitur
1177 1502 1338 1586 „Historia
1353 1502 1541 1579 naturalis“,

85 1614 211 1690 tractat,
241 1629 258 1672 e
286 1608 452 1692 permultis
482 1607 666 1671 auctoribus
697 1607 842 1670 hausisse
872 1626 966 1671 nemo
995 1612 1042 1670 est
1073 1609 1129 1690 qui
1159 1612 1260 1690 neget.
1307 1607 1390 1672 Nam
1420 1611 1489 1693 ipse
1513 1615 1544 1673 et

85 1715 120 1776 in
145 1714 339 1796 praefatione
362 1712 480 1775 multos
503 1710 565 1774 sibi
587 1713 710 1794 praesto
733 1710 832 1775 fuisse
855 1716 1001 1775 auctores
1023 1711 1110 1792 dicit,
1139 1717 1170 1774 et
1202 1712 1321 1795 quibus
1343 1716 1377 1776 iu
1402 1713 1540 1797 singulis

85 1816 177 1880 libris
208 1816 437 1900 componendis
466 1834 545 1879 usus
575 1816 616 1878 sit
646 1813 841 1896 auctoribus,
871 1816 905 1878 in
937 1814 1112 1897 indicibus,
1145 1836 1226 1900 quos
1255 1819 1312 1880 toti
1336 1821 1430 1901 *operi
1452 1837 1543 1901 prae-

85 1922 210 2005 posuit,
247 1919 421 2005 profitetur.
489 1918 552 1982 Sed
591 1938 664 1981 curn
703 1921 737 1981 in
775 1919 978 2002 praefationis
1015 1921 1210 2003 paragrapho
1247 1921 1285 1984 17
1328 1923 1406 1986 baec
1440 1922 1542 1985 dicat:

93 2025 238 2107 „Viginti
266 2025 354 2107 milia
383 2042 487 2086 rerum
519 2022 689 2107 dignarum
719 2040 795 2086 cura
825 2041 866 2087 ex
896 2023 1030 2087 lectione
1059 2024 1261 2087 voluminum
1289 2027 1413 2089 circiter
1441 2026 1544 2089 duum

87 2129 226 2209 milium,
251 2147 386 2212 quorum
410 2147 515 2211 pauca
537 2126 710 2190 admodum
733 2127 869 2193 studiosi
885 2129 1049 2211 attingunt
1063 2134 1192 2212 propter
1208 2135 1366 2193 secretum
1384 2131 1543 2207 materiae,

77 2228 133 2296 'ex
156 2234 326 2316 exquisitis
349 2231 532 2295 auctoribus
555 2235 685 2295 centum
707 2230 899 2296 inclusimus
921 2231 1051 2314 triginta
1080 2251 1138 2296 sex
1162 2233 1383 2297 voluminibus
1406 2234 1540 2298 adiectis

90 2336 188 2400 rebus
210 2338 368 2421 plurimis,
396 2356 477 2420 quas
501 2341 558 2399 aut
579 2337 804 2419 ignoraverant
825 2336 945 2421 priores
968 2341 1023 2400 aut
1044 2343 1154 2420 postea
1176 2340 1342 2401 invenerat
1365 2338 1485 2419 aetasl‘,
1508 2340 1540 2400 in

88 2440 255 2504 indicibus
278 2440 416 2524 amplius
440 2440 689 2523 quadringentos
718 2445 863 2503 auctores
891 2439 1009 2503 laudat.
1065 2440 1127 2504 Sed
1158 2443 1252 2504 etiam
1284 2444 1318 2503 in
1350 2441 1544 2525 praefatione

91 2546 170 2609 dicit
206 2545 356 2626 „adiectis
389 2545 486 2609 rebus
519 2543 679 2627 plurimis,
717 2564 798 2627 quas
835 2549 892 2608 331
927 2546 1151 2627 ignoraverant
1188 2547 1306 2629 priores
1344 2552 1400 2609 aut
1436 2550 1546 2628 postea

91 2651 260 2714 invenerat
282 2644 397 2714 a'etas.“
432 2647 560 2712 Praeter
583 2669 620 2712 ea
642 2649 751 2731 igitur,
775 2667 857 2732 quae
879 2668 921 2714 ex
943 2649 1007 2712 illis
1022 2650 1192 2733 exquisitis
1215 2650 1399 2714 auctoribus
1415 2654 1544 2714 centum

91 2755 242 2836 sumpsit,
264 2754 401 2836 plurima
425 2753 557 2829 adiecit,
583 2758 691 2816 utrum
715 2773 756 2816 ex
772 2773 832 2818 sua
854 2755 988 2817 scientia
1010 2773 1050 2817 an
1076 2755 1254 2818 secundum
1273 2755 1351 2818 alios
1375 2755 1545 2818 auctores?

92 2856 183 2922 Certe
206 2877 247 2922 ex
271 2858 341 2921 aliis
364 2857 566 2937 auctoribus,
595 2877 669 2921 nam
692 2859 772 2941 ipse,
797 2863 832 2921 ut
853 2863 961 2941 postea
985 2857 1179 2939 videbimus,
1210 2878 1317 2922 rerum
1349 2859 1544 2922 naturalium

89 2981 202 3045 parum
233 2964 354 3044 peritus
385 2968 461 3044 erat,
491 2963 538 3025 sic
567 2967 603 3024 ut
632 2962 731 3025 Plinii
758 2963 862 3044 ipsius
893 2962 983 3025 nulla
1011 2962 1075 3026 fere
1105 2962 1166 3025 3113
1190 2963 1286 3026 verba
1317 2983 1386 3028 3333
1409 2963 1546 3042 credam,

94 3066 158 3129 nisi
181 3086 228 3146 ea,
252 3065 460 3150 quibus-arte
482 3067 647 3145 rhetorica,
671 3084 754 3149 quae
776 3071 854 3129 tunc
876 3065 994 3146 floruit,
1027 3086 1106 3130 usus
1130 3087 1179 3129 res
1203 3068 1369 3149 splendide
1392 3085 1546 3130 exornare

91 3170 252 3234 studuerit
279 3172 328 3250 (of.
352 3172 488 3254 exempl.
512 3191 558 3254 gr.
580 3169 671 3251 XVI,
695 3171 745 3235 95.
770 3171 833 3247 96).
892 3171 1045 3254 Sequitur
1079 3191 1119 3236 ex
1154 3173 1213 3234 1133
1248 3171 1390 3234 Plinium
1425 3176 1548 3254 praeter

89 3279 219 3338 centum
242 3274 314 3338 illos
338 3276 527 3359 exquisitos
551 3294 632 3359 quos
655 3275 848 3362 sequebatur
879 3281 914 3338 ut
943 3278 1131 3359 praecipuos
1156 3281 1312 3356 auctores,
1343 3276 1421 3338 31133
1451 3277 1546 3339 311331

90 3379 288 3460 adhibuisse,
312 3399 329 3442 e
353 3379 473 3462 quibus
496 3399 598 3463 pauca
621 3385 746 3443 tantum
770 3383 980 3444 mutuaretur.
1018 3379 1080 3444 Sed
1096 3381 1160 3443 huc
1176 3399 1287 3443 omnes
1303 3399 1357 3443 eos
1379 3380 1547 3460 pertinere,

90 3503 171 3568 quos
194 3490 317 3568 praeter
338 3488 469 3555 ‚centurn
493 3484 565 3547 illos
588 3485 767 3568 exquisitos
790 3504 823 3548 se
847 3484 1033 3549 adhibuisse
1063 3487 1097 3547 in
1121 3484 1284 3547 indicibus
1314 3482 1488 3563 contendit,
1517 3487 1548 3544 et

89 3607 148 3672 per
170 3607 205 3652 33
229 3588 380 3652 credibile
403 3607 468 3651 non
491 3588 619 3652 videtur
641 3595 673 3653 31
695 3590 757 3672 ipsi
780 3595 889 3672 postea
911 3588 1029 3652 librum
1045 3589 1128 3652 XVI
1151 3590 1319 3672 diligenter
1343 3587 1548 3669 contemplati

88 3711 324 3776 cognoscemus
347 3699 430 3756 33113
452 3712 557 3757 unum
581 3695 696 3774 exiis,
720 3712 801 3776 quos
823 3692 942 3772 laudat,
965 3694 1149 3757 auctoribus
1173 3693 1316 3757 Plinium
1350 3712 1415 3755 non
1439 3693 1547 3774 ipsum

92 3797 220 3881 legisse,
243 3797 422 3862 Hesiodum
458 3794 588 3860 scilicet.
645 3795 735 3873 Quae
767 3816 840 3860 oum
873 3800 918 3862 ita
952 3799 1027 3878 sint,
1061 3804 1215 3875 auctores,
1251 3817 1332 3881 quos
1358 3796 1484 3859 Plinius
1512 3796 1548 3857 in

87 3901 251 3967 indicibus
267 3888 394 3982 laudat,
417 3903 451 3969 in
474 3906 538 3966 tres
561 3907 667 3985 partes
697 3901 918 3984 distinguendi
949 3908 1042 3965 sunt:
1078 3904 1130 3965 Ad
1160 3904 1296 3985 primam
1327 3907 1448 3984 partem
1479 3919 1549 3983 per-

90 4009 196 4072 tinent
216 4008 251 4089 ii,
275 4026 356 4090 quos
380 4012 417 4070 ut
438 4007 645 4089 gravissimos
668 4012 813 4070 auctores
842 4005 1035 4089 sequebatur
1058 4007 1242 4089 quibusque
1264 4007 1417 4089 pleraque
1441 4003 1548 4083 debet,

91 4112 133 4176 ad
156 4112 285 4176 alteram
309 4113 344 4192 ii,
367 4131 384 4176 e
408 4109 528 4195 quibus
550 4130 655 4193 pauca
680 4116 815 4188 tantum,
849 4129 942 4194 quae,
970 4117 1007 4173 ut
1034 4113 1102 4191 ipse
1126 4113 1212 4189 dicit,
1243 4116 1354 4193 postea
1384 4111 1550 4177 invenerat

89 4221 186 4299 33133,
208 4221 375 4280 1331113133
399 4221 457 4298 331,
480 4234 562 4299 quos
585 4216 703 4279 multos
725 4216 825 4280 fuisse
848 4234 914 4280 non
937 4220 1031 4298 puto;
1063 4217 1103 4278 ad
1134 4217 1259 4279 tertiam
1293 4215 1465 4298 referendi,
1473 4221 1551 4279 sunt

86 4324 123 4404 ii,
158 4339 296 4405 quorum
330 4310 428 4384 libros
460 4320 529 4403 ipse
563 4321 694 4384 omnino
728 4341 793 4385 non
829 4322 988 4402 excussit,
1023 4321 1078 4385 sed
1112 4340 1251 4403 quorum
1286 4321 1417 4384 nomina
1452 4325 1549 4403 atque

90 4427 265 4490 sententias
299 4427 333 4488 in
368 4425 440 4489 aliis
474 4424 661 4488 auctoribus
694 4426 829 4507 invenit,
862 4445 987 4509 exemp.
1022 4446 1067 4508 gr.
1098 4425 1271 4507 HesioduS,
1309 4444 1404 4508 quem
1440 4423 1551 4495 laudat

88 4531 269 4596 secundum
290 4530 549 4616 Theophrastum.
596 4529 677 4593 Cum
701 4530 761 4592 hoc
784 4531 853 4595 sine
877 4530 974 4594 dubio
998 4535 1129 4611 constet,
1153 4531 1192 4594 de
1220 4549 1259 4594 ea
1282 4548 1326 4610 re,
1351 4530 1407 4612 qui
1431 4531 1550 4613 cuique

88 4637 172 4720 parti
206 4633 410 4699 adhibuendi
445 4635 510 4698 sint
540 4638 701 4717 auctores,
736 4634 931 4701 dissentiunt
958 4637 1019 4698 viri
1055 4636 1147 4700 docti.
1205 4634 1258 4698 Sic
1292 4635 1390 4698 etiam
1425 4639 1548 4698 contro-

87 4740 191 4803 versia
225 4746 273 4803 est
308 4739 347 4802 de
377 4740 436 4802 hac
465 4758 509 4821 re,
545 4744 651 4803 utrum
682 4739 810 4804 Plinius
843 4739 1047 4824 Theophrasti
1077 4761 1170 4824 opera
1202 4742 1270 4823 ipse
1299 4740 1410 4823 legerit
1440 4758 1550 4804 necne.
