3292 5436
809 143 861 217 78,

206 348 296 413 Haec
319 350 405 413 unde
427 348 590 429 fluxerint,
621 352 740 430 nescio,
764 351 818 414 sed
842 356 925 415 certe
948 350 1106 416 debentur
1128 353 1250 415 auctori
1274 351 1387 432 alicui,
1423 352 1483 433 qui
1504 352 1568 436 ipse

102 471 183 517 usus
205 460 272 517 erat
292 446 515 536 Theophrasto,
547 456 604 517 sed
627 455 728 518 multa
751 456 932 518 accuratius
955 456 1045 518 novit
1067 460 1099 520 et
1120 455 1222 519 multo
1244 455 1340 538 plura
1373 457 1560 538 praesertim

102 557 142 621 de
163 558 204 620 iis
226 559 327 640 terris,
350 577 433 640 quae
447 556 661 640 Theophrasto
684 559 829 621 noudum
851 567 945 623 notae
968 566 1063 624 erant.
1110 558 1172 624 Sed
1195 558 1235 622 de
1249 559 1291 622 iis
1306 577 1457 643 quoque,
1483 579 1561 642 quae

101 663 135 724 in
159 661 291 726 Graecia
320 666 511 742 nascuntur,
541 681 606 725 non
636 681 767 745 prorsus
797 663 908 726 eadem
938 670 1074 746 uterque
1100 662 1204 726 tradit.
1257 661 1299 724 ln
1330 663 1560 728 enumerandis

103 765 263 829 abietibus
281 767 316 828 in
332 765 496 851 Bithynia,
518 764 633 845 Ponto,
656 765 844 829 Macedonia
865 766 1073 830 nascentibus
1087 767 1183 850 plane
1198 767 1398 830 contrarium
1417 767 1556 830 ordinem

99 870 186 953 apud
210 869 354 933 Plinium
382 871 568 933 invenimus
592 890 689 952 quam
712 870 799 953 apud
820 869 1092 952 Theophrastum3
1124 890 1199 933 nam
1222 889 1298 933 cum
1320 869 1557 955 Theophrastus

97 973 186 1037 dicat
221 977 373 1058 optimam
408 992 478 1037 esse
510 971 759 1054 Macedonicam,
796 974 972 1037 secundam
1005 974 1184 1056 Ponticam,
1226 975 1364 1055 tertiam,
1400 993 1487 1056 quae
1519 975 1556 1037 ad

95 1077 312 1159 Rhyndacum
341 1083 502 1158 nascatur,
532 1076 659 1141 Plinius
690 1079 801 1142 ordine
827 1079 972 1161 neglecto
1005 1080 1089 1142 inter
1110 1079 1350 1143 laudatissimas
1381 1084 1556 1157 enumerat,

100 1201 183 1264 quae
217 1189 391 1246 nascantur
420 1183 455 1243 in
485 1180 649 1263 Bithynia,
681 1181 798 1263 Ponto,
829 1164 1049 1245 Macedonia
1084 1182 1317 1265 Theophrastus
1353 1181 1436 1245 dicit
1471 1181 1554 1245 abies

101 1287 258 1349 Arcadica
296 1287 402 1370 qualis
439 1287 496 1365 sit,
534 1305 603 1349 esse
642 1286 881 1368 quaerendum,
919 1305 994 1348 cum
1032 1284 1160 1350 Plinius
1197 1286 1281 1349 hanc
1321 1305 1430 1371 aeque
1465 1292 1554 1369 atque

100 1392 308 1453 Aeneaticam
342 1392 527 1454 deteriorem
552 1409 621 1453 esse
644 1390 825 1471 contendat,
856 1390 942 1473 quod
973 1394 1056 1452 certe
1088 1380 1305 1454 demonstrare
1326 1392 1409 1453 mihi
1433 1391 1556 1454 videtur

101 1494 178 1557 haec
213 1513 278 1557 non
314 1514 356 1558 ex
388 1495 602 1576 Theophrasto
635 1495 704 1576 ipso
738 1501 919 1557 mutuatum
954 1512 1024 1557 esse
1060 1493 1213 1558 Plinium.
1275 1493 1339 1569 Sed
1372 1513 1443 1557 non
1479 1513 1555 1576 nego

97 1596 241 1661 Plinium
273 1600 403 1661 omnino
434 1598 522 1660 hunc
548 1596 754 1680 Theophrasti
782 1598 888 1661 locum
918 1600 1119 1681 inspexisse,
1161 1599 1217 1662 sed
1246 1599 1307 1661 hoc
1337 1603 1426 1661 certe
1457 1598 1552 1662 credo.

99 1701 180 1764 Cum
213 1708 320 1765 autem
342 1701 575 1785 Theophrastus
606 1703 688 1764 nihil
717 1701 847 1766 haberet
876 1702 915 1766 de
946 1702 1117 1783 abietibus,
1147 1704 1286 1785 quaein
1310 1703 1404 1766 terris
1430 1701 1554 1766 Graecis

98 1806 244 1869 nondum
268 1808 352 1870 notis
374 1813 592 1888 nascerentur,
615 1826 690 1870 cum
707 1808 746 1871 de
760 1806 865 1870 abiete
882 1807 1040 1870 Arcadica
1062 1808 1141 1870 certi
1165 1808 1342 1890 quicquam
1363 1807 1553 1871 contendere

99 1929 164 1972 non
187 1911 326 1992 auderet,
350 1911 388 1974 de
411 1911 461 1973 his
484 1911 583 1973 alium
607 1917 768 1974 auctorem
783 1910 911 1974 Plinius
934 1910 1091 1992 adhibuit,
1118 1911 1175 1993 qui
1191 1911 1229 1973 de
1245 1910 1295 1974 his
1313 1929 1449 1992 quoque
1464 1909 1553 1974 rebus

97 2016 236 2078 accurati
259 2016 382 2098 aliquid
404 2013 569 2097 praeberet
592 2020 687 2079 etex
710 2015 820 2078 eodem
844 2019 948 2078 cetera
972 2034 1102 2097 qnoque
1129 2015 1280 2097 pleraque
1302 2019 1477 2079 mutuatus
1498 2019 1546 2077 est.

94 2117 247 2183 Extrema
270 2120 427 2183 sententia
450 2117 644 2182 verbotenus
668 2137 742 2181 cum
764 2117 871 2182 verbis
890 2117 1100 2201 Theophrasti
1124 2119 1283 2200 congruit,
1306 2123 1344 2180 ut
1367 2117 1505 2182 fortasse
1524 2118 1549 2180 ei

90 2225 153 2305 ipsi
178 2223 340 2286 debeatur.

162 2358 269 2412 Vitruv.
296 2359 337 2425 11,
369 2365 399 2427 9,
432 2363 478 2416 13:
513 2358 582 2411 Item
608 2359 734 2412 cedrus
761 2362 795 2412 et

90 2445 277 2514 iunipirus
312 2447 449 2501 easdem
482 2446 611 2499 habent
636 2446 793 2499 virtutes

88 2538 117 2586 et
134 2533 281 2600 utilitatem
299 2534 347 2588 sed
365 2518 589 2602 quemadmodum
607 2549 642 2585 ex
660 2549 793 2601 cupressu

89 2622 118 2673 ct
135 2621 204 2688 pinu
220 2621 317 2687 resina,
336 2621 376 2674 sic
394 2637 435 2674 ex
453 2621 556 2674 cedro
575 2618 702 2688 oleum,
721 2620 792 2689 quod
846 2621 966 2674 sentit.

90 2707 211 2761 cedrium
239 2707 353 2773 dicitur,
380 2707 513 2773 nascitur,
542 2723 605 2774 quo
633 2707 793 2775 reliquae
915 2709 1002 2774 5198.
1030 2707 1193 2774 lunipiro
1211 2704 1324 2759 eadem
1341 2704 1553 2776 virtusquao

89 2808 145 2846 res
168 2798 310 2857 unctae,
335 2794 377 2846 uti
395 2793 477 2846 etiam
495 2793 566 2859 libri,
590 2794 735 2848 atineis
761 2797 794 2846 et
846 2795 957 2848 cedro.

90 2880 185 2932 carie
203 2897 268 2932 uon
286 2880 475 2933 laeduntur
487 2918 565 2933 .....
592 2880 793 2934 Nascuntur

90 2970 202 3020 autem
234 2967 294 3019 hae
324 2967 465 3020 arbores
498 2967 643 3021 maxime
671 2967 793 3022 Cretae

89 3056 124 3106 et
149 3054 289 3107 Africae
316 3058 350 3107 et
376 3054 561 3108 nonnullis
588 3055 711 3123 Syriae
738 3070 793 3106 re·
873 3074 876 3080 ·

89 3139 263 3207 gionibus.

198 3245 412 3329 Neglegenter
451 3249 567 3330 scripta
609 3254 685 3310 sunt
718 3247 817 3309 Plinii
850 3245 947 3308 verba
987 3247 1147 3328 „iunipiro
1181 3247 1291 3311 eadem
1326 3249 1434 3311 virtus
1472 3264 1550 3331 quac

94 3349 220 3430 cedro“,
250 3370 325 3413 cum
354 3362 446 3414 antea
475 3371 539 3413 non
572 3351 699 3432 dixerit,
730 3369 813 3433 quae
841 3351 942 3413 virtus
974 3351 1015 3413 sit
1045 3350 1149 3430 cedro,
1183 3351 1239 3414 sed
1269 3352 1305 3413 in
1336 3370 1465 3435 paragr.
1492 3349 1551 3416 213

92 3454 221 3517 denium
253 3454 336 3517 dicat
368 3454 498 3518 cedrum
522 3473 674 3517 maxume
706 3462 866 3517 aeternam
897 3471 975 3517 esse.
1023 3452 1112 3528 Quae
1145 3454 1197 3516 hic
1225 3454 1313 3532 dicit,
1343 3473 1462 3537 parum
1486 3454 1551 3518 dili·

91 3565 202 3640 genter
225 3559 403 3641 desumpsit
425 3578 466 3620 ex
492 3557 599 3620 verbis
623 3556 775 3638 Vitruvii,
805 3575 887 3638 quae
910 3557 1021 3637 adtuli,
1046 3575 1129 3639 quae
1151 3558 1315 3621 referenda
1337 3564 1420 3621 sunt
1442 3559 1484 3623 ad
1507 3577 1550 3636 ea,

94 3681 176 3744 quae
209 3662 423 3744 praecedunt:
462 3668 670 3741 ,permanent
703 3661 743 3722 ad
780 3662 1029 3724 aeternitatem“.
1089 3659 1229 3724 Easdem
1273 3664 1376 3746 igitur
1420 3664 1549 3725 virtutes
1587 3710 1589 3753 ρ

92 3765 207 3828 habere
230 3766 360 3828 cedrum
384 3772 415 3827 ot
438 3765 616 3846 iunipirum
640 3764 807 3827 Vitruvius
830 3764 1004 3828 contendit.
1586 3762 1589 3771 “

917 2363 971 2426 „at
989 2361 1111 2414 cedrus
1129 2359 1162 2413 iu
1181 2358 1291 2425 Creta,
1308 2357 1444 2427 Africa,
1463 2359 1552 2428 Syria

846 2445 1102 2500 laudatissima.
1153 2445 1251 2500 cedri
1279 2445 1356 2499 oleo
1384 2448 1553 2515 peruncta

845 2534 1012 2588 materies
1053 2550 1115 2587 nec
1157 2533 1287 2586 tineam
1327 2547 1393 2585 nee
1430 2533 1552 2587 cariem

200 3885 289 3961 Quae
323 3892 476 3947 secuntur
511 3885 549 3947 ‹le
583 3886 742 3969 iunipiro,
776 3904 882 3967 neque
915 3886 1002 3968 apud
1036 3885 1287 3968 Theophrastum
1320 3904 1433 3969 neque
1468 3883 1548 3970 apud
1587 3878 1589 3941 i

96 3991 281 4054 Vitruvium
306 3997 442 4050 exstant.
1587 3986 1589 3995 ·

165 4127 201 4193 V,
236 4126 278 4191 ll,
312 4132 335 4183 3.
391 4122 443 4179 liat
479 4131 596 4199 φανερῶς
625 4127 652 4180 δὲ
682 4127 795 4198 γίνονται

93 4217 148 4270 καὶ
184 4216 215 4269 nl
253 4218 389 4285 σπεῖραι
431 4209 473 4265 διὰ
513 4210 643 4287 χειμῶνάς
687 4232 715 4266 τε
751 4214 796 4266 καὶ

94 4302 279 4376 κακοτρορίαν.
312 4296 456 4371 Σπιίρας
475 4300 697 4363 ὂὲκαλυῦσιν,
717 4293 794 4353 ὅταν

94 4386 110 4464 ρ’,
144 4382 315 4460 συστρωφτ]
347 4404 396 4443 τις
433 4385 464 4437 ἐν
502 4379 585 4457 αὐτῇ
623 4388 715 4455 μείζων
752 4388 796 4440 καὶ

94 4472 199 4535 aiala<
228 4474 400 4547 περιεχομένη
435 4470 561 4533 clrloatv,
595 4466 651 4525 οὐδ’
671 4467 753 4545 ὥσπερ
782 4470 795 4526 d

95 4558 152 4623 ὄζος
178 4558 271 4619 tarta.
297 4552 398 4615 ‹rid'du
417 4555 434 4629 ἡ
454 4553 563 4629 nihilvm
587 4554 604 4629 ὴ
627 4558 653 4611 ὲν
673 4554 743 4628 αὐτῷ
762 4563 799 4629 τῷ

96 4646 171 4721 Εὗλιρ.
210 4642 248 4699 Δι’
271 4638 331 4697 dim
351 4642 397 4716 γάρ
415 4664 468 4701 πως
483 4640 548 4716 αὕτη
566 4648 609 4698 'aul
626 4640 795 4715 ὃμαλὶζυυσα·

96 4732 280 4815 καριπιῖηιρυν
307 4732 333 4783 di
360 4736 435 4783 rwiro
462 4728 525 4783 πολὺ
549 4732 592 4783 καὶ
616 4728 795 4804 δυσεργότερον

112 5018 278 5104 Α

917 4124 1078 4192 „Publicum
1116 4124 1237 4178 omnium
1272 4123 1375 4178 vitium
1414 4126 1552 4181 vocant
1587 4126 1589 4133 '

847 4212 975 4279 spiras,
1000 4211 1059 4264 ubi
1078 4211 1290 4265 convolvere
1314 4225 1351 4264 se
1369 4227 1457 4267 venae
1475 4216 1550 4281 atque

848 4298 919 4351 nodi.
955 4298 1133 4350 inveniuntur
1156 4299 1185 4351 in
1203 4297 1376 4366 quibusdam,
1403 4299 1505 4355 sicut
1519 4299 1550 4351 iu

848 4398 1025 4450 marmore,
1056 4388 1188 4450 centra,
1218 4384 1247 4435 id
1274 4387 1317 4437 cat
1339 4384 1450 4441 'duritia
1479 4385 1550 4441 olavo

849 4469 956 4538 similis,
980 4470 1092 4524 inimica
1109 4471 1199 4525 serris.
1235 4473 1263 4523 et
1281 4470 1452 4537 quaedam
1470 4473 1553 4528 forte

848 4557 1015 4610 accidunt
1032 4557 1067 4610 in
1085 4556 1203 4624 lapide
1221 4557 1481 4625 comprehenso
1502 4560 1553 4614 aut

848 4646 980 4711 recepto
998 4644 1031 4696 in
1050 4659 1170 4711 corpus
1187 4647 1243 4696 aut
1262 4641 1412 4699 alterius
1428 4645 1555 4702 arboris

850 4734 969 4783 ronro“.
