3292 5436
767 116 807 179 31

55 324 204 388 arborem
236 343 305 389 esse
336 323 469 388 eandem
501 328 598 406 atque
627 322 813 405 aquifoliam
844 323 974 406 adparet
995 342 1037 387 ex
1060 325 1160 386 nostri
1190 322 1264 386 libri
1295 343 1416 407 paragr.
1442 323 1521 405 120,

53 429 114 492 ubi
139 434 321 512 crataegum
346 447 482 511 granum
505 426 586 490 buxi
610 445 680 490 esse
702 427 872 490 falsissime
895 427 1067 490 contendit.
1112 425 1217 502 Quare
1242 434 1319 510 puto
1343 447 1385 491 ne
1408 433 1518 491 nostro

53 532 189 615 quidem
212 533 282 595 loco
305 530 449 594 Plinium
483 530 639 594 vocabulo
670 531 900 614 „aquifolium“
932 531 1066 595 eandem
1097 531 1251 612 arborem,
1284 551 1380 614 quam
1404 531 1517 596 Graeci

54 642 228 720 crataegon
252 643 378 715 vocent,
413 634 594 718 significare
616 635 768 717 voluisse,
803 636 857 700 sed
889 627 987 699 unam
1019 654 1056 698 er
1086 636 1138 716 iis,
1174 654 1254 717 quas
1282 634 1517 719 Theophrastus

51 739 133 804 folia
155 759 222 802 non
252 738 422 822 deperdere
450 739 535 801 dicit.
581 739 769 821 Videamus,
799 759 882 822 quae
912 740 990 802 haee
1021 758 1089 803 esse
1118 741 1228 822 possit.
1275 738 1518 821 „aquifolium‘

54 845 272 927 compositum
295 848 343 906 est
364 861 407 906 ex
430 843 546 923 „acus“
571 848 603 906 et
624 843 789 924 „tolium“,
813 863 910 926 qnam
934 843 974 906 ob
997 862 1065 906 rem
1087 842 1220 906 fortasse
1242 845 1361 907 rectius
1378 841 1522 905 scriben-

53 948 135 1010 dum
160 954 209 1011 est
233 946 472 1027 „acuifolium“,
496 955 527 1010 et
550 946 710 1029 significat
732 947 885 1030 plantam,
909 948 1003 1009 cuius
1034 946 1112 1010 folia
1134 947 1270 1011 acuibus
1294 948 1358 1009 sint
1382 944 1520 1023 similia,

55 1050 293 1134 „aquifolium“
319 1055 356 1113 ut
379 1049 619 1114 substantivum
643 1055 833 1134 usurpatum
863 1056 911 1114 est
941 1053 1039 1133 igitur
1067 1050 1169 1131 arbor,
1200 1071 1283 1133 quae
1318 1049 1412 1112 habet
1444 1047 1523 1110 folia

53 1155 195 1219 acuibus
233 1155 367 1235 similia,
404 1152 479 1217 folia
517 1160 619 1217 acuta.
678 1153 766 1218 Huic
811 1156 1002 1238 respondere
1045 1155 1124 1217 mihi
1163 1156 1290 1218 videtur
1328 1152 1521 1216 vocabulum
1574 1202 1579 1207 .

56 1257 287 1336 ,,ὀεοοίιιανδος“,
320 1257 405 1340 quod
434 1264 482 1320 est
505 1260 717 1341 compositum
747 1278 789 1322 ex
819 1259 920 1335 ,,οξδς“
943 1264 974 1322 et
996 1254 1169 1334 „daavbo;.“
1226 1257 1297 1321 Hoc
1328 1256 1522 1320 vocabulum

56 1364 185 1445 spinam
226 1361 407 1444 significare
448 1381 513 1425 non
551 1381 644 1444 posse
675 1363 804 1444 adparet
838 1381 879 1426 ex
913 1382 961 1443 eo,
997 1363 1083 1445 quod
1117 1362 1168 1424 hic
1203 1369 1407 1425 enumeratur
1440 1364 1526 1424 inter

60 1465 200 1548 arbores,
223 1485 289 1528 non
312 1466 396 1528 inter
418 1464 557 1531 frutices.
605 1465 751 1542 Adcedit,
777 1467 863 1549 quod
887 1466 1089 1529 Dioscorides
1113 1465 1148 1547 (l,
1174 1465 1253 1529 122:
1278 1463 1525 1537 diod-raalio...

58 1569 178 1654 δένδρον
212 1565 272 1632 ἐστὶ
306 1565 356 1631 καὶ
390 1567 594 1653 παραπλήσιον
625 1567 743 1654 ἀχράδι,
779 1567 946 1655 μικρότερον
975 1568 1008 1632 δὲ
1042 1567 1091 1632 καὶ
1126 1567 1306 1649 ἀκανθῶδες)
1340 1568 1526 1642 discindebant

58 1673 205 1738 arborem
228 1692 300 1737 esse
331 1672 416 1735 dicit.
470 1672 542 1736 Hoc
573 1675 672 1755 igitur
702 1674 896 1737 vocabulum
930 1674 1057 1736 Plinius
1090 1675 1170 1736 mihi
1204 1693 1261 1756 per
1294 1674 1521 1754 „acuifolium“

59 1779 197 1842 vertisse
218 1777 354 1857 videtur,
377 1778 453 1839 item
475 1778 510 1838 in
534 1778 552 1857 ξ
576 1779 626 1842 98.

128 1895 150 1962 Ι,
169 1900 195 1961 9,
213 1900 238 1953 5,
273 1893 324 1949 Ἔν
349 1893 493 1968 Συβάρει
518 1896 546 1949 δὲ
571 1897 650 1968 δρῦς
676 1897 766 1967 ἐστὶν

53 1979 271 2042 εὐσύνοπτος
290 1983 326 2034 ἐκ
343 1978 635 2053 τῆςπόλεως,ἢο·3
649 1984 767 2055 φυλλα-

58 2071 171 2141 βολεῐ;
200 2071 280 2141 φασὶ
307 2069 341 2121 δὲ
370 2063 406 2120 οὐ
436 2065 636 2137 βλαστάνειν
664 2065 767 2140 αὐτὴν

57 2151 129 2226 ἅμα
147 2160 224 2214 ταῖς
243 2149 376 2217 ἄλλοις,
398 2149 483 2206 ἀλλὰ
502 2153 584 2224 μετὰ
601 2153 693 2209 κύνα.

132 2241 198 2294 ibid.
218 2235 314 2293 Ἕνια
339 2235 363 2292 δ’
378 2237 426 2293 οὐκ
445 2235 507 2294 ὄντα
530 2247 563 2313 τῇ
589 2240 664 2314 φύσει
682 2242 769 2315 παρὰ

56 2327 118 2381 τὸν
154 2324 258 2381 τόπον
300 2328 391 2381 ἐστὶν
434 2323 611 2400 dicipulis,
648 2327 768 2402 καθάπερ

59 2413 161 2488 ἐλέχθη
194 2416 272 2487 περὶ
301 2419 362 2466 τῶν
393 2415 425 2467 ἐν
454 2411 677 2488 Ἐλεφαντίνῃ
714 2419 769 2470 καὶ

56 2500 205 2574 Μέμφει.

129 2586 151 2656 Ι,
164 2593 190 2655 3,
204 2592 228 2644 5.
257 2588 334 2660 περὶ
352 2585 410 2659 γὰρ
427 2583 671 2659 Ἐλεφαντίνην
692 2585 770 2643 οὐδὲ

56 2672 119 2734 τοὶς
139 2670 317 2745 ἀμπέλους
336 2670 396 2726 οὐδὲ
414 2672 553 2733 τάςονκᾶς
568 2695 630 2747 φασι
650 2677 770 2748 φαλλο-

58 2763 184 2833 βολεῖν.

891 1898 966 1964 ἓ81.
1014 1895 1051 1949 In
1082 1896 1234 1950 Thurino
1264 1913 1355 1965 agro,
1386 1897 1433 1949 ubi
1463 1897 1526 1964 Sy·

820 1984 912 2037 baris
942 1984 1002 2048 luit,
1035 2000 1075 2036 ex
1104 1984 1179 2050 ipsa
1211 1984 1293 2036 urbe
1324 1983 1526 2050 prospicie-

821 2070 923 2123 batur
957 2086 1106 2137 quercus
1135 2086 1198 2122 una
1227 2086 1408 2138 numquam
1439 2068 1526 2133 lolia

822 2158 1007 2210 dimittens
1025 2173 1084 2210 nec
1103 2157 1339 2210 antemediam
1354 2157 1524 2208 aestatem

822 2246 1023 2312 germinans.
1076 2243 1158 2311 idque
1198 2243 1297 2297 mirum
1339 2255 1380 2296 est
1416 2237 1547 2296 Graecis'

822 2331 976 2384 auctoribus
1000 2331 1136 2399 proditum
1161 2331 1232 2398 apud
1256 2347 1305 2384 nos
1330 2331 1421 2397 postea
1442 2328 1526 2382 sileri.

822 2434 883 2469 narn
902 2416 1021 2471 locorum
1045 2418 1179 2469 tantoris
1204 2419 1253 2483 est,
1279 2420 1309 2469 ut
1334 2416 1405 2468 circa
1422 2415 1525 2468 Mem-

822 2503 915 2571 phim
927 2503 1077 2570 Aegypti
1095 2506 1128 2556 et
1146 2504 1181 2555 in
1194 2501 1526 2571 ElephantinePhe·

818 2590 938 2643 *haidis
965 2589 1055 2643 nulli
1089 2591 1247 2671 arborum
1274 2589 1451 2658 decidant,
1488 2605 1528 2642 ne
1628 2620 1634 2625 ·

823 2677 962 2730 vitibus
981 2676 1130 2744 quidem.

171 2865 277 2928 Locus
304 2866 516 2949 gravissimus
545 2872 600 2931 est.
656 2865 740 2929 Nam
771 2869 864 2931 certis
893 2867 999 2931 verbis
1022 2868 1148 2931 Plinius
1181 2869 1257 2931 dicit
1285 2887 1319 2932 se
1346 2871 1380 2930 in
1404 2867 1529 2931 Latinis

58 2969 153 3032 libris
176 2970 297 3034 dehac
326 2989 360 3032 re
388 2968 467 3031 nihil
491 2971 667 3051 invenisse,
700 2971 858 3034 Graecum
881 2978 1041 3034 auctorem
1066 2993 1084 3034 a
1107 2991 1141 3034 se
1165 2973 1342 3036 adhibitum
1366 2991 1434 3034 esse
1457 2973 1526 3054 ipse

58 3074 180 3137 fassus.
237 3073 386 3153 Etcum,
422 3092 505 3154 quae
532 3072 630 3135 Plinii
654 3074 793 3156 praebet,

824 3074 918 3157 plane
944 3076 1157 3159 respondeant
1178 3075 1385 3159 Theophrasti
1409 3073 1529 3155 verbis,

59 3179 116 3240 hic
138 3179 207 3261 ipse
232 3179 288 3259 qui
311 3184 425 3240 auctor
449 3178 500 3252 sit,
525 3179 598 3258 quis
622 3184 669 3240 est
695 3180 752 3258 qui
776 3178 920 3241 dubitet?

134 3312 271 3382 111,3‚3.
308 3312 347 3368 τὰ
366 3309 488 3366 δ’ἅιλο
513 3310 622 3366 πάντα
648 3315 770 3387 φολλο-

60 3403 167 3473 βολεῖ.

134 3571 156 3640 Ι,
175 3579 200 3640 9,
218 3579 244 3631 4.
290 3571 380 3626 Πάντα
407 3575 434 3626 δὲ
462 3575 506 3626 καὶ
532 3579 582 3626 τῶν
612 3567 697 3626 ἄλλων
731 3572 771 3626 τὰ

60 3658 233 3733 ciete-allia
259 3657 555 3734 οτενοφολλότερα
579 3662 623 3713 καὶ
649 3657 772 3734 ἔχοντα

59 3769 143 3802 τινα
162 3744 375 3819 λιπαρότητα
394 3748 438 3799 καὶ
457 3743 575 3799 εὐωδίαν.

893 3315 964 3386 ἓ82.
984 3316 1124 3370 Ceterae
1143 3331 1257 3369 omnes
1276 3320 1351 3368 extra
1369 3316 1529 3383 praedictas,

823 3403 922 3456 etenim
934 3419 1087 3457 enumerare
1106 3404 1215 3471 longum
1231 3406 1281 3469 est,
1299 3403 1383 3456 folia
1403 3403 1528 3469 deper-

823 3492 923 3559 dunt,
941 3491 1164 3558 observatumque
1180 3506 1232 3542 non
1242 3505 1360 3542 arescere
1371 3488 1426 3540 nisi
1436 3487 1528 3540 tenuia

825 3577 921 3630 etlata
945 3580 972 3630 et
999 3577 1098 3643 mollia,
1125 3592 1209 3644 quae
1240 3592 1304 3630 vero
1335 3592 1399 3629 non
1433 3576 1530 3628 deci·

826 3664 921 3729 dant,
941 3663 1007 3717 callo
1026 3679 1114 3717 crassa
1132 3666 1165 3716 et
1183 3665 1329 3730 angusta
1346 3678 1432 3716 esse.
1463 3660 1529 3714 falsa

826 3750 947 3804 definitio
971 3752 1013 3803 est
1036 3767 1102 3804 non
1126 3749 1283 3802 decidere
1310 3749 1364 3801 his
1390 3764 1530 3816 quarum

827 3837 994 3905 pinguior
1012 3853 1115 3890 sucus
1134 3837 1190 3889 sit.
1224 3836 1286 3902 quis
1304 3836 1376 3888 enim
1394 3838 1483 3903 potest
1500 3837 1530 3888 in
1591 3888 1594 3896 ,

826 3923 889 3976 ilice
914 3922 1088 3990 intellegere?
1125 3922 1255 3975 Desidere
1279 3922 1402 3976 Timaeus
1427 3923 1530 3976 mathe-

826 4010 943 4062 maticus
970 4009 1025 4062 sole
1053 4009 1221 4076 scorpionem
1248 4011 1401 4062 transeunte
1434 4009 1534 4062 sideris

827 4097 856 4149 ri
875 4100 902 4149 et
921 4097 1035 4164 quodam
1056 4111 1160 4149 veneno
1185 4097 1253 4148 aeris
1277 4104 1360 4163 putat.
1398 4112 1445 4148 cur
1469 4111 1534 4162 ergo

827 4199 881 4236 non
909 4183 1001 4236 eadem
1028 4198 1109 4236 causa
1136 4184 1279 4236 adversum
1312 4181 1399 4235 omnis
1426 4182 1532 4250 polleat,

828 4270 887 4322 iure
906 4271 1042 4323 miremur.

174 4369 213 4432 ln
248 4371 307 4433 hao
336 4373 531 4456 paragrapho
556 4374 781 4454 componenda
803 4375 929 4438 Plinius
953 4381 1082 4439 anctore
1113 4375 1250 4457 quodam
1273 4395 1353 4439 usus
1388 4381 1445 4456 est,
1475 4377 1533 4457 qni

64 4477 267 4540 accuratiora
289 4474 436 4556 praebuit
468 4496 564 4559 quam
587 4475 831 4559 Theophrastus.
893 4477 1082 4561 Congruunt
1112 4479 1199 4561 apud
1236 4484 1411 4560 utrumqne
1445 4480 1535 4541 nulla

69 4582 135 4645 alia
169 4579 232 4642 nisi
267 4579 363 4642 haec:
406 4585 526 4643 ceteras
565 4599 676 4644 omnes
707 4588 797 4645 extra
826 4583 1002 4665 praedictas
1031 4583 1107 4646 folia
1140 4583 1288 4665 perdere;
1323 4589 1420 4665 atque
1448 4583 1537 4665 folia,

71 4703 158 4769 qnae
180 4703 246 4746 non
272 4682 432 4763 decidant,
456 4691 595 4767 angusta
618 4702 695 4748 esse.
744 4684 864 4767 Cetera,
889 4706 971 4768 quae
995 4687 1121 4749 Plinius
1148 4687 1287 4768 praebet,
1321 4687 1406 4769 apud
1436 4687 1537 4751 Theo-
