3188 5206
825 191 869 256 54

220 399 315 463 Hane
349 401 584 483 paragraphum
620 400 699 483 quin
736 418 777 462 ex
810 399 1023 482 Theophrasto
1057 397 1184 461 Plinius
1226 404 1396 463 mutuatus
1431 400 1485 480 sit,
1522 418 1563 463 me

117 504 248 588 quidem
271 505 379 568 iudice
401 505 525 568 nemini
541 503 677 566 dubium
694 522 763 568 esse
778 508 894 586 potest,
914 523 991 566 nam
1009 503 1117 566 omnia
1132 511 1325 588 congruunt,
1349 505 1432 588 quin
1444 505 1562 573 nomina

118 608 269 673 arborum
298 627 424 692 semper
446 608 510 672 fere
534 607 644 671 eodem
669 608 779 670 ordine
802 608 889 690 apud
912 613 1087 691 utrumque
1115 619 1355 673 enumerantur.
1402 607 1464 675 Sed
1495 627 1564 672 non-

116 713 216 776 nullis
239 713 318 776 locis
334 713 463 775 Plinius
477 712 682 794 Theophrasti
705 711 803 776 verba
827 731 891 774 non
915 713 992 775 satis
1014 719 1161 776 accurate
1183 712 1287 777 vertit.
1326 713 1426 776 Initio
1449 712 1564 796 praebet

116 817 366 901 Theophrastus:
390 816 444 892 „roi
461 814 513 899 μὲν
528 815 584 900 γὰρ
599 812 759 900 πολόρριζα
775 812 824 878 καὶ
840 814 1021 901 μακρόρριξα
1042 814 1179 900 καθάπερ
1196 821 1278 900 συκῆ,
1302 819 1379 901 δρῦς,
1404 814 1564 892 atdraus,

117 922 245 985 Plinius
268 922 386 984 omisso
409 921 565 984 adiectivo
588 917 806 1004 „paapo'pprtad‘
837 921 1003 1003 „copiosae
1036 919 1107 1002 fico,
1137 919 1252 1001 robori,
1280 920 1444 1004 platano“,
1475 921 1582 1004 pergit·

116 1024 350 1108 Theophrastus
379 1024 433 1101 „roi
457 1021 485 1087 δ’
500 1021 666 1108 ὁλιγόρριζα
694 1021 830 1108 καθάπερ
854 1021 949 1099 ἐλαία,
979 1022 1043 1109 ῥόα,
1075 1023 1198 1107 pariat
1230 1023 1358 1087 Plinius
1390 1023 1521 1105 „breves
1540 1029 1565 1088 et

118 1133 275 1210 angustae
309 1128 432 1206 malo“;
468 1129 575 1192 omisit
604 1130 704 1212 igitur
731 1125 950 1212 ,,ὸλιγόρριζα“;
985 1130 1098 1192 harum
1127 1127 1276 1192 arborum
1306 1128 1433 1193 radices
1464 1128 1592 1192 breves·

118 1249 188 1295 esse
217 1232 348 1296 fortasse
377 1232 453 1296 inde
481 1233 586 1313 duxit,
621 1231 707 1314 quod
736 1231 908 1313 concludit,
942 1234 970 1295 si
1000 1251 1111 1297 earum
1142 1232 1302 1312 arborum,
1337 1252 1423 1316 quae
1462 1233 1592 1298 midias·

120 1335 286 1417 haberent,
313 1338 437 1401 radices
466 1336 581 1419 longae
611 1341 727 1416 essent,
758 1354 880 1417 earum,
911 1356 993 1420 quae
1015 1356 1134 1420 paucas
1158 1337 1320 1418 haberent,
1356 1347 1469 1419 breves
1494 1355 1592 1416 essm-

122 1441 318 1524 „angustae“
343 1441 477 1504 tortasse
500 1440 539 1504 de
562 1459 621 1503 suo
644 1440 768 1504 adiecit.

223 1544 337 1608 Postea
361 1544 438 1606 dicit
460 1543 604 1608 Plinius:
636 1545 824 1626 „crassiores
846 1544 937 1607 lauro
960 1551 991 1608 et
1013 1545 1208 1627 inaequales,
1232 1547 1309 1609 item
1337 1545 1460 1626 oleael‘,
1482 1544 1567 1610 Theo
1590 1536 1592 1619 J

51 1670 54 1675 ·
119 1649 284 1731 phrastus:
320 1646 381 1724 ,ἔτι
411 1646 444 1710 δὲ
475 1653 529 1710 τῶν
559 1646 610 1732 μὲν
640 1649 766 1735 ταχεῖαι
793 1651 912 1731 μᾶλλον,
950 1653 1004 1713 τῶν
1033 1647 1065 1712 δὲ
1097 1646 1263 1733 ἀνωμαλεῖς
1293 1647 1434 1735 καθάπερ
1463 1648 1566 1735 δάφνας,

121 1749 250 1823 thalari
295 1752 437 1836 Adparet
460 1752 602 1816 Plinium
625 1751 831 1836 Theophrasti
860 1751 957 1816 verba
979 1754 1116 1836 pessime
1139 1752 1331 1819 confudisse.
1377 1753 1462 1818 Cum
1492 1755 1587 1819 enin-

120 1854 357 1939 Theophrastus
391 1857 491 1920 dicat:
530 1856 685 1939 „aliarum
716 1855 865 1919 arborum
893 1856 1015 1921 radices
1044 1858 1214 1921 crassiores
1243 1863 1329 1933 sunt,
1362 1857 1500 1922 aliarum
1524 1859 1563 1920 in·

120 1960 279 2044 aequales,
303 1970 340 2024 ut
362 1960 453 2041 lauri,
479 1959 598 2042 oleae‘²,
623 1961 688 2023 duo
711 1961 810 2042 igitur
830 1979 949 2044 genera
972 1960 1121 2024 arborum
1145 1962 1317 2040 discernat,
1351 1960 1482 2026 Plinius
1502 1962 1564 2026 haee

30 2098 33 2107 ,
118 2065 154 2127 in
177 2084 281 2128 unum
303 2084 407 2148 genus
431 2063 566 2128 contulit
589 2065 685 2147 eique
706 2064 828 2127 radices
852 2065 1019 2129 crassiores
1043 2071 1075 2129 et
1096 2066 1281 2148 inaequales
1299 2065 1428 2145 tribuit,
1449 2065 1562 2129 fortasse

121 2187 158 2232 eo
181 2168 344 2251 deceptus,
369 2169 454 2251 quod
470 2167 704 2250 Theophrastus
728 2174 828 2231 certas
851 2168 990 2251 arbores,
1015 2189 1150 2252 quarum
1167 2169 1289 2233 radices
1312 2171 1486 2234 crassiores
1499 2171 1559 2248 sint

119 2290 184 2335 non
209 2272 326 2336 laudat.

187 2389 209 2459 I,
228 2396 253 2458 6,
271 2397 296 2450 4.
332 2390 821 2466 τὰὸὲέπιπολαιόρριζα,ιιαθ-
945 2396 960 2461 ξ
1000 2398 1059 2452 128.
1114 2393 1210 2447 oleae
1246 2392 1422 2462 malisque
1456 2395 1487 2447 et
1515 2406 1559 2446 ει·

119 2476 185 2552 άπερ
216 2480 328 2544 ἐλαία,
364 2478 424 2554 ῥόα,
454 2482 576 2554 μηλέα,
604 2476 820 2553 κυπάριττος.
875 2479 1010 2548 pressis
1036 2496 1094 2548 per
1118 2496 1245 2536 summa
1263 2481 1474 2549 caespitum,
1494 2475 1558 2534 aliis

121 2561 181 2621 Ἔτι
206 2567 233 2621 δὲ
252 2569 284 2621 αἱ
304 2570 361 2639 μὲν
381 2563 514 2623 εὐθεῖαι
537 2570 581 2622 καὶ
600 2564 712 2639 ὁμαλεῖς,
738 2568 822 2622 αἰδὲ
874 2569 969 2623 recto
996 2572 1121 2634 meatu,
1149 2566 1327 2634 allanto,
1360 2566 1469 2636 oleae,
1494 2563 1557 2621 aliia

119 2653 253 2706 σκολιαὶ
280 2657 325 2707 καὶ
347 2651 588 2727 παραλλάττουσαν
615 2658 693 2707 τοῦτο
717 2652 764 2727 γὰρ
792 2651 821 2708 οὐ
875 2653 1050 2723 flexuose,
1070 2658 1107 2706 ut
1124 2654 1202 2708 fico.
1272 2677 1275 2681 ·

119 2735 198 2808 μόνον
236 2741 369 2810 συμβαίνει
405 2739 446 2793 διὰ
481 2737 542 2798 τοὺς
576 2735 686 2806 τόπους,
723 2746 761 2812 τῷ
789 2740 825 2813 μὴ

119 2820 231 2888 εὐοδεῖν,
269 2821 335 2878 ἀλλὰ
363 2828 407 2880 καὶ
434 2831 481 2898 τῆς
511 2823 614 2898 φύσεως
642 2822 722 2898 αὐτῆς
751 2829 825 2891 ἐστιν,

120 2905 204 2984 ὥσπερ
229 2912 283 2965 ἐπὶ
307 2917 366 2983 τῆς
389 2909 518 2986 δάφνης
543 2914 676 2984 καὶτῆς
695 2914 825 2974 ἐλαίας·

119 2992 137 3068 ἠ
157 2998 191 3052 δὲ
211 3004 293 3072 συκῆ
318 3002 362 3054 καὶ
386 2998 419 3055 τὰ
436 3005 545 3056 τοιαῦτα
564 3001 760 3055 σκολιοῦται
785 3000 827 3056 διὰ

119 3081 149 3137 τὸ
168 3083 204 3156 μὴ
224 3081 330 3140 εὐοδεῖν.

228 3189 317 3265 Quae
340 3198 497 3256 secuntur
519 3195 605 3278 apud
629 3195 783 3276 Plinium,
806 3196 893 3279 apud
915 3195 1165 3279 Theophrastum
1190 3213 1254 3256 non
1279 3199 1416 3258 exstant.

224 3309 315 3374 Prior
337 3313 434 3378 huius
457 3318 645 3400 paragraphi
669 3319 827 3380 sententia
849 3316 1060 3400 Theophrasto
1089 3316 1196 3380 deberi
1219 3316 1297 3377 mihi
1321 3316 1461 3396 videtur,
1480 3324 1567 3397 prae.

119 3414 213 3497 cipue
236 3414 276 3478 ob
300 3416 343 3497 id,
377 3420 463 3501 quod
492 3421 545 3484 hic
566 3441 679 3485 rursus
702 3441 787 3485 error
817 3423 917 3504 aliqui
940 3424 1116 3502 invenitur,
1146 3423 1202 3504 qui
1226 3419 1315 3483 nulla
1339 3420 1402 3485 alia
1425 3437 1459 3483 re
1478 3418 1549 3480 nan

121 3534 190 3583 esso
214 3527 316 3605 potest
339 3523 402 3585 nisi
427 3524 597 3605 celeritate,
621 3545 685 3607 qua
707 3523 835 3588 Plinius
857 3528 892 3588 in
916 3526 1145 3609 componendis
1168 3525 1257 3588 libris
1279 3543 1362 3588 usus
1387 3508 1444 3588 est.
1485 3512 1549 3585 uid

118 3623 205 3686 enim
234 3624 305 3688 aliis
335 3626 459 3690 radices
489 3647 559 3692 esse
581 3635 666 3691 recto
690 3635 806 3706 meatu,
836 3618 997 3712 ut'lauro,
1028 3631 1125 3710 oleae,
1156 3629 1227 3692 aliis
1257 3628 1417 3707 flexuoso,
1448 3631 1482 3691 ut
1500 3620 1550 3695 illi

119 3744 192 3791 eum
215 3728 448 3812 Theophrastus
471 3733 548 3796 haec
571 3731 734 3815 praebeat:
767 3733 858 3814 „aliis
882 3739 986 3799 rectae
1009 3736 1062 3814 (sc.
1085 3734 1207 3797 radices
1230 3739 1316 3814 sunt)
1351 3732 1552 3816 aequalesque

118 3830 188 3895 aliis
211 3832 383 3899 llexuosae.
429 3836 489 3899 hoc
521 3857 586 3900 non
609 3837 702 3899 modo
726 3842 852 3920 propter
874 3838 978 3902 solum
1002 3839 1125 3919 accidit,
1157 3838 1332 3901 sedetiam
1357 3834 1574 3916 naturaque

120 3943 157 3997 ut
180 3938 278 4002 radici
302 3941 384 4004 lauri
409 3949 439 4005 et
462 3942 573 4023 olivae,
605 3961 678 4004 cum
703 3949 830 4024 propter
853 3943 970 4023 solum,
1002 3944 1088 4026 quod
1111 3960 1316 4026 perrumpere
1338 3934 1570 4025 nonpossint

118 4036 282 4107 flexuosae
317 4047 381 4108 sint
415 4047 539 4110 radices
573 4045 657 4108 fici“.
715 4044 842 4109 Plinius
877 4047 993 4128 igitur,
1035 4066 1110 4110 cum
1146 4047 1185 4109 ad
1219 4045 1426 4129 Theophrasti
1459 4037 1551 4107 veru:

117 4141 232 4219 ,ἔτιδὲ
256 4147 287 4213 αἱ
311 4148 363 4233 μὲν
387 4149 502 4215 εὐθεῖαι
530 4147 580 4212 καὶ
603 4147 742 4233 ὁμαλεῖςίι
774 4150 919 4233 exempla
951 4151 1109 4232 deessent,
1145 4151 1208 4214 hue
1239 4134 1514 4214 rettulit'iaurnm
1533 4138 1572 4201 li

123 4248 249 4314 olivam.
1568 4259 1569 4264 ’

150 4351 172 4420 Ῑ,
191 4359 216 4421 7,
237 4362 259 4413 l.
296 4355 458 4420 Αόξόνεσθαι
483 4359 510 4412 δὲ
528 4355 632 4411 πόντων
652 4358 771 4412 δοκοῦσιν
793 4359 818 4413 αἱ
942 4358 1034 4425 §lae
1072 4358 1188 4424 Quidam
1212 4373 1277 4411 non
1301 4356 1414 4412 altius
1433 4357 1556 4411 descen·

117 4440 184 4514 ῥίζαι
208 4442 332 4520 πρότερον
357 4452 407 4501 τῶν
433 4441 500 4500 ἄνοι’
528 4447 572 4499 καὶ
596 4443 644 4517 γὰρ
670 4442 761 4518 φόεται
785 4447 821 4504 εἰς
874 4444 954 4497 dere
977 4445 1114 4499 radices
1139 4461 1236 4513 quam
1260 4444 1350 4499 solis
1369 4445 1565 4508 calcatore·

116 4527 821 4605 palor-olseptaetaaeqmiarsoslicor
874 4532 983 4584 iaciat
1015 4532 1119 4600 idque
1153 4535 1274 4586 natura
1301 4530 1373 4585 loci
1403 4522 1572 4586 tenuioris

116 4613 130 4671 ὸ
157 4615 253 4692 ἥλιος
285 4622 493 4694 ἐφικνεῖται·
529 4618 559 4674 τὸ
590 4618 638 4693 γὰρ
668 4618 764 4692 θερμὸν
792 4617 822 4672 τὸ
875 4618 992 4672 crassive
1012 4618 1115 4683 dixere,
1134 4619 1205 4687 quod
1224 4618 1321 4672 falsum
1338 4617 1463 4674 arbitror.

115 4713 216 4773 γεννῶν.
258 4704 295 4763 (ld
321 4707 371 4780 μὴν
396 4704 462 4761 ἀλλὰ
485 4713 568 4762 ταῦτα
593 4703 725 4780 μεγάλα
744 4725 823 4777 συμ-

115 4787 279 4857 βάλλεται
303 4794 366 4869 πρὸς
390 4794 565 4868 βαθυρριζίαν,
593 4795 638 4847 καὶ
662 4794 698 4847 ἔτι
724 4793 822 4864 μᾶλλον

330 4974 353 5095 i
