3292 5436
818 137 860 201 94

114 365 215 429 quam
238 353 356 408 ceteras
378 382 421 390 -
444 364 519 408 nam
543 345 602 428 hoc
626 346 772 427 seqnitur
794 363 836 406 ex
858 343 1065 426 Theophrasti
1097 361 1227 425 quoqne
1249 343 1359 407 verbis
1382 379 1448 424 -‚·
1462 350 1513 406 tam

11 456 14 463 '
47 506 73 520 .,
100 448 258 537 1Ρίίωἰυινι
287 449 366 513 haec
397 449 602 532 neglegenter
629 450 795 530 scripsisse
826 447 964 529 adparet.
1024 446 1106 510 Nam
1143 447 1222 529 quid
1254 448 1317 510 sibi
1349 449 1461 511 volunt
1487 451 1513 509 ha

61 588 64 593 -
112 552 219 632 verba,
247 546 321 615 curn
344 554 408 615 iam
432 558 527 614 antea
548 552 681 615 dixerit:
717 571 778 632 „ex
801 552 851 614 his
882 553 916 630 (i.
941 569 966 614 e.
990 569 1008 613 e
1031 552 1169 634 punicis,
1196 549 1278 632 ficis,
1310 552 1420 635 malis)
1448 551 1513 614 brev?

112 658 177 718 vita
200 665 248 720 est
272 656 422 719 dulcibus
447 675 543 738 quam
566 655 715 717 acutis‘?
762 655 851 719 Certe
874 657 982 737 inepta
1007 659 1093 734 sunt,
1117 673 1191 716 cum
1215 655 1302 737 apud
1318 655 1513 738 Theophrasti

111 759 209 822 verba
237 755 359 848 ⁵„dhorrap
395 765 449 821 τῶν
484 760 555 843 βοῶν
588 756 607 841 ἡ
639 755 803 842 άπόρηνος“
837 778 966 841 prorsus
1001 778 1060 821 suo
1093 759 1162 821 loco
1197 765 1335 824 exstent.
1393 759 1475 822 Nam
1502 759 1513 819 h

111 870 282 946 postquam
321 866 356 927 in
388 866 576 926 universum
609 863 692 925 dixit
715 881 756 925 ex
786 862 836 924 his
867 860 1012 925 breviore
1043 864 1108 924 vita
1138 881 1207 926 esse
1238 883 1356 926 vernas
1388 871 1419 926 et
1452 863 1513 924 dulc

111 969 303 1048 punicarum
328 973 448 1031 certum
472 985 577 1049 genus
600 967 706 1036 adicit.
731 999 772 1010 -
795 965 1010 1047 Neglegenter
1033 968 1149 1048 scripta
1172 976 1250 1029 snnt
1267 986 1304 1030 ea
1320 986 1465 1051 quoque,
1488 988 1513 1049 qi

55 1092 60 1105 ¹
112 1076 267 1133 secuntur
296 1072 380 1154 apud
412 1071 556 1134 Plinium
590 1071 683 1151 „item
711 1071 745 1131 in
778 1068 927 1148 vitibus‘,
962 1089 1044 1152 quae
1077 1070 1227 1152 equidem
1258 1091 1325 1133 non
1358 1073 1449 1134 aliter
1477 1073 1513 1133 int

112 1175 227 1255 pretari
261 1195 392 1258 possum
427 1176 508 1238 nisi:
548 1176 643 1253 „item
678 1175 711 1235 in
748 1173 869 1236 vitibus
908 1173 1089 1236 dulciorum
1124 1173 1249 1237 brevior
1284 1178 1350 1238 vita
1385 1177 1462 1253 esd,
1494 1193 1513 1234 οι

112 1278 347 1360 Theophrastus
371 1280 456 1341 dicat
479 1278 635 1342 nonnulla
650 1296 767 1359 genera
782 1278 897 1339 vitium
914 1276 1003 1340 brevi
1020 1280 1085 1340 vita
1102 1297 1179 1355 esse,
1204 1281 1376 1362 praecipue
1392 1279 1512 1342 fertilior

114 1381 207 1445 Oleas
241 1385 335 1445 annis
372 1381 420 1445 CO
455 1383 568 1445 durare
606 1381 744 1459 Plinium
779 1387 815 1443 ut
847 1383 916 1463 ipsc
951 1381 1043 1460 dicit,
1089 1383 1174 1464 apud
1209 1383 1389 1465 complures
1423 1388 1513 1444 auctor

115 1487 249 1548 invenit.
295 1485 387 1561 Quod
417 1487 507 1549 facile
529 1483 597 1548 ficri
620 1486 763 1566 potuisse
786 1485 925 1567 adparet,
955 1504 1029 1547 nam
1053 1487 1168 1566 omnis,
1200 1507 1296 1568 qnam
1328 1494 1453 1550 veteres
1476 1485 1507 1546 dc

114 1589 258 1652 herbaria
289 1588 480 1664 habuerunt,
512 1590 644 1651 scientia
675 1590 870 1670 principium
900 1589 995 1651 drrxit
1018 1609 1037 1650 a
1058 1588 1272 1672 Theophrasto
1302 1609 1344 1654 er
1367 1596 1513 1672 coquent

114 1695 259 1775 principa
281 1693 367 1756 fonte
390 1694 567 1756 hauserunt
589 1711 700 1756 omnes
724 1695 780 1775 qui
804 1694 843 1756 da
865 1693 983 1774 plantis
1007 1695 1211 1776 scripserunt.

220 1811 309 1888 Quae
342 1816 468 1878 disserit
490 1815 617 1877 Plinius
646 1816 679 1875 in
704 1834 826 1896 paragr.
850 1815 924 1894 242,
954 1815 1040 1897 apud
1062 1815 1313 1898 Theophrastum
1344 1836 1410 1879 non
1434 1821 1513 1878 exsta

40 1983 43 1987 ,
116 1917 170 1978 sed
194 1916 307 1981 Latino
331 1921 451 1982 auctori
476 1919 641 1984 debentur.

182 2087 210 2141 C.
222 2088 251 2141 Ρ.
265 2090 296 2156 V,
313 2094 353 2157 15,
366 2096 390 2148 4.
420 2091 454 2144 Αί
472 2087 496 2145 δ’
510 2088 562 2145 ἀπὸ
574 2097 624 2144 τῶν
637 2112 818 2164 παραφυτευο-

115 2177 199 2245 μένων
230 2172 247 2248 ἢ
278 2177 546 2250 παραβλαστανόντων
575 2175 729 2249 αὐτομάτων
767 2180 816 2246 (ευ.

114 2260 244 2335 φθοραί)
263 2269 305 2334 τῷ
321 2260 530 2337 ἀφαιρεῖσθαι
548 2263 605 2324 τ’όις
622 2263 743 2338 τροφάς

113 2345 233 2421 καθάπερ
254 2345 267 2402 ὸ
285 2348 411 2427 κιττός.
446 2353 502 2405 ἐπεὶ
525 2356 582 2405 καὶ
600 2349 617 2423 ἡ
637 2351 704 2412 ίξία
723 2353 818 2404 δοκεῖ

114 2436 169 2487 καὶ
189 2429 271 2495 όλως
289 2435 327 2490 τά
346 2437 630 2508 ἐμβλαστάνοντα
652 2438 815 2512 φθείρειν.

186 2539 213 2592 (l.
244 2538 274 2592 P.
302 2540 344 2608 Π,
378 2547 424 2608 17,
459 2549 481 2600 l.
529 2541 815 2614 θαυμασιώταταν

114 2621 189 2679 δ”άν
209 2626 317 2687 δόξειε
414 2627 817 2702 είνσιιτὸένιαμὴδόνασίίαι

115 2711 317 2782 βλαστάνειν
342 2717 374 2768 ἐν
398 2720 436 2787 τῇ
462 2722 501 2788 γῇ
526 2715 680 2789 καθάπερ
704 2714 722 2788 ἠ
742 2716 814 2775 ίξία.

185 2803 209 2856 3.
308 2802 345 2854 ἔτι
363 2802 390 2854 δὲ
408 2801 443 2854 τὸ
462 2801 629 2875 Συριακὸν
655 2800 816 2874 βατάνιον

116 2883 129 2938 ό
157 2885 371 2958 καλούμενος
403 2886 552 2949 καόότας
582 2892 638 2944 καὶ
664 2891 817 2962 δένδροις

115 2975 171 3026 καί
191 2969 356 3034 ἀκάνθαις
376 2973 548 3048 ἐμφύεται.

185 3065 210 3116 4.
260 3062 297 3114 ἔτι
447 3067 503 3116 καί
537 3062 573 3116 τὸ
609 3061 817 3117 πολυπόὸιον

116 3145 222 3200 καλοά
229 3167 328 3218 μενον
349 3148 390 3201 ἐπί
407 3169 457 3202 τισι
476 3150 597 3223 δένδροις.

187 3237 228 3298 18,
248 3238 271 3290 3.
314 3229 361 3288 ὅσα
387 3236 414 3288 δὲ
439 3240 525 3308 κοῦφα
545 3275 551 3286 .
569 3275 574 3286 .
592 3275 597 3285 .
615 3279 621 3290 .
641 3237 741 3308 ῥᾳδίως.
759 3233 819 3291 ἀνα·

117 3319 199 3389 βαίνει
218 3322 261 3373 καὶ
280 3321 393 3391 ἐπιμένει
478 3325 535 3376 καὶ
554 3319 566 3376 ὁ
587 3320 732 3397 ὂόλιχος.

186 3410 211 3461 2.
256 3407 292 3461 ἔτι
320 3409 348 3460 δὲ
376 3403 423 3461 όσα
450 3407 609 3482 πρόσὸενὸρα
737 3415 820 3464 ταῦτα

34 3566 37 3571 ι
116 3489 164 3565 γὰρ
183 3530 250 3543 ....
270 3495 381 3546 καὶτῶν
400 3493 545 3548 ἐλαττόνων
564 3494 582 3567 ἡ
602 3497 776 3569 ἕρπυλλος.

186 3577 345 3648 H.P.II,2,
359 3584 399 3637 12.
424 3576 459 3635 Ὃ
478 3581 526 3654 γὰρ
546 3583 588 3635 ἐπὶ
605 3587 663 3635 τοῦ
682 3585 821 3636 κοτίνου

118 3668 180 3738 φασὶ
198 3667 353 3736 συμβαίνειν,
379 3663 450 3730 ὥστε,
477 3664 513 3720 ’ἂν
538 3665 749 3742 περικόπτρς
773 3668 820 3741 τὴν

118 3753 209 3805 όαλίαν
224 3747 241 3824 ἤ
256 3747 321 3812 όλως
332 3752 534 3826 μεταφυτεόσιρς,
549 3757 657 3827 φέρειν
671 3757 820 3830 φαυλίας,

120 3840 285 3911 μετακίνησίς
302 3860 340 3899 τις
358 3841 453 3911 γίνεται
473 3835 502 3893 οὗ
522 3838 630 3912 μεγάλη.

191 3943 280 3996 Diosc.
302 3941 350 4011 lv,
380 3948 438 4001 160.
493 3943 723 4019 ίππόφαιστον

120 4027 211 4102 φόεται
238 4030 265 4082 ἐν
292 4036 346 4090 τοῖς
373 4027 460 4090 αὐτοῖς
486 4029 575 4091 τόποις
604 4034 630 4085 ἐν
659 4034 696 4093 οἶς
723 4035 768 4086 καὶ
791 4032 821 4086 τὸ

118 4118 247 4188 ἱπποφαὲς
280 4119 325 4170 καὶ
355 4113 418 4171 αὐτὸ
449 4124 576 4191 γναρικῆς
607 4115 725 4192 ἀκάνθης
755 4120 821 4179 είὸος

119 4200 252 4278 ὑπάρχον·
272 4204 324 4257 ἔστι
337 4204 366 4258 δὲ
378 4208 544 4278 χαμαιπετὲς,
564 4206 624 4280 ἔχον
644 4204 723 4277 μόνον
741 4208 820 4280 ρυλ-

118 4288 218 4363 λάμια
243 4287 346 4362 μικρὰ
369 4292 413 4344 καὶ
436 4287 563 4363 κειράλεια
589 4297 687 4366 χαῦνα·
714 4288 773 4347 odra
793 4295 820 4346 δὲ

119 4375 213 4430 καυλὸν
233 4371 293 4430 οότε
313 4371 390 4437 άνίλος
409 4381 488 4450 φέρει,
508 4379 579 4449 ῥίζαν
598 4380 626 4432 δὲ
644 4386 755 4454 παχεῖαν
775 4382 820 4433 καί

119 4461 248 4535 μαλακήν.
283 4460 382 4535 ταότης
405 4462 438 4516 τά
463 4460 548 4537 μάλλα
571 4468 627 4519 καὶ
645 4465 705 4537 τὴν
725 4467 819 4539 ρ’ίζαν

119 4554 163 4605 καὶ
180 4551 228 4623 τὴν
247 4549 364 4624 κεφαλὴν
383 4552 490 4625 χυλίσσις
509 4551 629 4624 ξηραίνει.
725 4549 743 4625 ἠ
761 4555 819 4625 γὰρ

120 4638 173 4692 διὰ
191 4638 312 4692 τούτου
331 4638 488 4712 κάθαρσις
512 4635 666 4711 ὀρθοπνοίας
687 4637 820 4713 ἁρμόζει

119 4729 175 4779 καί
193 4727 386 4800 ἐπιληψίας.

941 2091 957 2156 ξ
993 2095 1054 2147 243.
1109 2090 1242 2143 Hedera
1276 2092 1396 2144 necari
1432 2092 1512 2144 arbo

871 2180 973 2230 certum
1009 2179 1058 2229 est.
1112 2177 1230 2230 simile
1270 2178 1437 2245 quiddam
1473 2181 1505 2230 et

870 2266 984 2330 visco,
1014 2265 1123 2317 tametsi
1152 2265 1294 2317 tardiorem
1324 2265 1455 2318 iniuriam
1485 2281 1513 2317 ca

870 2351 1039 2404 arbitrantur.
1079 2367 1192 2418 namque
1216 2363 1243 2403 et
1267 2351 1318 2404 hoc
1342 2355 1447 2419 praeter
1471 2353 1512 2404 fru

869 2438 1040 2505 adgnascitur
1058 2454 1121 2490 non
1139 2438 1172 2488 in
1191 2437 1393 2491 novissimis
1411 2438 1513 2491 mirab

941 2544 956 2610 ξ
986 2546 1046 2599 244.
1101 2542 1269 2605 Quaedam
1299 2542 1390 2594 enim
1420 2543 1457 2594 in
1487 2545 1513 2594 tr

870 2629 969 2697 gigni
991 2644 1056 2682 non
1075 2632 1239 2696 possunt,
1264 2630 1337 2682 etin
1355 2630 1500 2682 arboribus

870 2719 975 2769 cuntur.
1003 2731 1116 2783 namque
1126 2732 1188 2768 cum
1199 2731 1275 2768 suam
1285 2715 1376 2767 sedem
1388 2731 1441 2767 non
1452 2715 1513 2767 habi

869 2802 994 2856 inaliena
1006 2803 1113 2870 vivunt,
1126 2803 1218 2855 sicut
1235 2802 1366 2855 viscum
1385 2803 1418 2853 et
1432 2803 1469 2854 in
1482 2801 1513 2870 S]

870 2889 992 2956 herba,
1023 2907 1107 2957 quaa
1136 2891 1282 2942 vocatur
1311 2888 1477 2956 cadytaS,

871 2978 1004 3029 tantum
1038 2974 1223 3030 arboribus
1259 2976 1318 3028 sed
1349 2975 1443 3041 ipsis
1476 2980 1510 3030 et

872 3063 988 3131 spinis
1024 3062 1240 3116 circumvolvens
1276 3075 1349 3127 sese,
1385 3061 1474 3114 item
1512 3096 1513 3104 .

872 3150 968 3218 Tempe
1012 3149 1163 3203 Thessalica
1206 3163 1299 3217 quae
1335 3145 1510 3217 polypod

872 3241 1019 3291 vocatur
1053 3240 1087 3290 et
1121 3253 1206 3304 quae
1235 3236 1398 3289 dolichos
1434 3254 1473 3290 ac
1509 3255 1513 3289 ι

873 3307 1013 3393 pyllums
1058 3323 1211 3377 oleastro
1241 3339 1377 3390 quoquo
1411 3324 1513 3392 depu

873 3411 963 3479 quod
981 3410 1149 3479 gignatur
1166 3412 1293 3463 vocant
1311 3410 1480 3477 phaunos
1511 3434 1513 3457 ι

873 3514 936 3552 vero
968 3498 996 3550 in
1029 3496 1105 3564 spina
1135 3495 1247 3550 fullonia
1275 3496 1513 3565 hippophaes

874 3583 1015 3637 cauliculis
1040 3583 1174 3650 inanibus,
1199 3583 1302 3636 foliis
1328 3584 1466 3652 parvis,
1492 3602 1514 3637 n

873 3671 941 3738 alba,
966 3671 1068 3724 cuius
1091 3684 1195 3722 sucus
1218 3670 1257 3724 ad
1276 3669 1513 3725 detractione:

874 3756 1046 3811 comitiali
1065 3757 1175 3810 morbo
1193 3756 1406 3810 utilissimus
1426 3758 1513 3811 habe
