3292 5436
856 133 896 195 18

242 338 345 402 Prior
368 340 468 402 huius
490 341 679 424 paragraphi
709 359 782 422 pars
812 339 1024 423 Theophrasto
1055 341 1118 424 ipsi
1150 359 1216 405 non
1249 342 1394 425 debetur,
1422 364 1502 407 nam
1536 363 1613 407 oon-

150 449 273 526 gruunt
306 443 392 526 apud
428 450 603 527 utrumque
637 443 726 506 nulla
756 445 820 507 alia
852 445 913 507 nisi
948 449 1077 525 „cortex
1108 464 1312 528 praecrassus
1342 452 1373 510 et
1401 450 1615 529 renascens‘,

152 554 263 626 cetera,
287 565 370 630 quae
393 546 520 610 Plinius
543 547 681 630 praebet,
704 548 791 631 apud
812 548 1064 632 Theophrastum
1096 568 1162 612 non
1193 555 1330 634 exstant,
1360 553 1459 615 immo
1490 554 1608 635 partim

148 654 305 714 contraria
340 657 417 715 sunt
450 649 655 734 Theophrasti
689 650 795 715 verbis
830 659 866 716 ut
903 655 1066 736 „minuma
1100 653 1213 716 arbor‘
1248 654 1298 731 „rb
1334 653 1366 718 δὲ
1400 654 1519 739 δένδρον

144 748 269 839 εόμηνες
293 756 426 826 ἐπιεικῶς
448 751 498 817 καὶ
522 751 666 826 adactirf‘
702 753 904 821 Confluxisse
927 759 980 820 hio
995 758 1149 821 videntur
1174 757 1401 842 descriptiones
1423 758 1611 844 ρελλόδροος

143 860 194 923 vel
216 857 301 943 ἀρίας
325 866 356 923 et
378 863 496 945 φελλοῦ.
542 858 644 935 Quem
675 864 784 922 autem
813 866 974 926 auctorem
1007 862 1134 925 Plinius
1169 864 1204 925 in
1238 864 1298 928 hac
1325 884 1359 928 re
1387 869 1522 927 secutus
1558 865 1607 945 sit,

143 963 293 1044 equidem
319 964 423 1028 dicere
445 984 509 1026 non
533 982 675 1046 possum.

247 1067 286 1130 ln
309 1069 481 1150 posteriore
502 1075 591 1150 parte
615 1069 678 1131 nisi
703 1068 788 1150 quod
811 1067 938 1132 Plinius
969 1069 1029 1133 sub
1052 1069 1150 1134 finam
1182 1072 1297 1135 adiecit
1329 1058 1409 1152 ,pec
1442 1073 1478 1134 in
1511 1072 1606 1135 Italia

141 1175 207 1234 tota
237 1174 385 1234 nascitur
416 1179 472 1234 aut
502 1173 536 1235 in
561 1171 663 1251 Gallia
692 1173 840 1234 οιιιιιὶιιοα
871 1175 979 1235 omnia
1008 1176 1178 1256 utriusque
1201 1175 1299 1239 verba
1327 1176 1421 1258 plane
1453 1177 1541 1239 inter
1571 1195 1609 1238 se

142 1276 346 1367 respondent,
370 1280 407 1340 ut
430 1277 507 1339 haec
529 1275 673 1339 Plinium
706 1295 747 1340 ex
769 1274 982 1358 Theophrasto
1013 1279 1083 1360 ipso
1113 1284 1298 1344 mutuatum
1328 1299 1396 1343 esse
1427 1299 1485 1362 pro
1519 1289 1606 1343 certo

49 1406 53 1413 ·
141 1380 333 1443 contendere
358 1381 503 1443 audeam.

245 1483 437 1567 Peragraphi
460 1483 588 1549 35-37
621 1504 685 1549 non
718 1490 795 1549 sunl
825 1491 970 1568 sumptae
1006 1506 1047 1550 ex
1076 1487 1306 1569 Theophrast03
1342 1488 1376 1548 in
1407 1506 1533 1571 paragr.
1563 1488 1607 1550 36

145 1585 273 1649 Plinius
311 1589 381 1669 ipse
419 1594 581 1651 auctorem
619 1590 729 1653 laudat
763 1587 946 1653 Cornelium
980 1591 1152 1674 Nepotem;
1192 1593 1286 1654 etiam
1320 1610 1444 1673 paragr.
1475 1591 1517 1654 37
1554 1611 1606 1655 me

143 1690 274 1771 quidem
297 1691 404 1754 iudice
426 1690 539 1754 Latino
563 1694 684 1755 auctori
707 1693 850 1757 debetur.

244 1792 347 1857 Maior
375 1815 448 1878 pars
478 1815 598 1877 eorum,
631 1816 713 1879 quae
743 1796 870 1860 Plinius
895 1795 972 1857 dicit
998 1797 1031 1857 in
1064 1816 1185 1878 paragr.
1210 1797 1351 1878 38-61,
1382 1797 1469 1880 apud
1501 1796 1604 1881 Theo*

138 1898 307 1979 phrastum
331 1919 397 1962 non
419 1901 595 1980 invenitur,
619 1906 726 1962 tamen
749 1899 907 1963 nonnulla
930 1919 971 1965 ex
999 1900 1053 1962 illo
1077 1907 1205 1982 sumpta
1235 1906 1321 1965 sunt.
1374 1900 1438 1964 Eos
1470 1905 1599 1964 tantum

138 2002 281 2066 adferam
304 2003 400 2084 locos,
425 2003 543 2086 quibus
566 2000 725 2068 nonnulla
746 2005 953 2088 Theophrasti
977 2005 1111 2088 vestigia
1141 2005 1355 2067 inveniuntur
1385 2011 1415 2068 et
1447 2024 1532 2086 quae
1557 2025 1599 2068 ex

137 2109 197 2170 hoc
220 2112 350 2171 auctore
372 2107 503 2170 fluxisse
525 2113 679 2190 possunt:

964 2193 1041 2258 544.
1080 2191 1192 2244 Sextum
1218 2207 1302 2258 genus
1326 2194 1368 2244 est
1391 2192 1468 2244 taeda
1496 2193 1606 2260 proprie

894 2277 974 2343 dicta,
993 2278 1170 2331 abundantior
1189 2293 1254 2331 suco
1267 2294 1347 2345 quarn
1365 2278 1476 2346 reliqua,
1498 2280 1607 2346 parcior⁴

893 2364 1076 2434 liquidiorque
1102 2380 1181 2432 quam
1205 2364 1288 2432 picea,
1313 2365 1430 2418 flammis
1453 2381 1485 2418 ac
1504 2365 1604 2418 lumini-

204 2451 254 2518 HI,
273 2458 298 2519 9,
317 2455 341 2509 3.
370 2448 404 2506 Ὃ
430 2453 463 2505 δὲ
489 2452 519 2504 ol
538 2454 595 2524 περὶ
613 2447 683 2523 Ἴδην
703 2453 842 2526 δρὸουργοὶ

134 2540 276 2593 καλοῦσι
305 2543 419 2610 συκῆν,
452 2536 488 2591 τὸ
519 2536 781 2610 ἐπιγιγνόμενον
814 2541 840 2592 ἐν

134 2633 191 2685 ταῖς
228 2623 343 2688 πεύκαις,
381 2622 549 2699 ἐρυθρότερον
585 2624 633 2697 rip
670 2625 761 2700 χροιὰν
795 2632 842 2698 τῆς

132 2711 216 2784 daphim,
254 2713 286 2764 ἐν
323 2719 395 2770 τοῖς
430 2707 568 2785 ἄρρεοίν
600 2713 669 2765 ἐστι
700 2714 841 2783 μᾶλλον·

134 2799 460 2858 ὀυσῶδεςδὲτοῡτο.

201 2886 259 2951 §5.
297 2881 439 2956 Νόοημιι
459 2885 585 2943 berniz
605 2881 754 2943 πεόκοιις
775 2904 842 2938 τοι-

132 2970 232 3027 οῦτόν
250 2992 280 3025 τι
299 2973 400 3042 λέγουσι
419 2972 622 3042 συμβαίνειν
689 2965 770 3025 ὥστε

125 3054 197 3114 “loa
216 3058 276 3132 γὰρ
295 3059 429 3131 γίνεται
454 3055 529 3129 δᾴς.

895 2466 1031 2505 sacrorum
1050 2451 1130 2505 etiam
1157 2453 1237 2519 grata.
1274 2451 1347 2518 haec,
1372 2467 1481 2504 mares
1507 2452 1605 2505 durn-

895 2541 1006 2606 taxat‚
1034 2537 1153 2591 ferunt
1182 2540 1215 2590 et
1242 2554 1316 2591 eam
1345 2554 1443 2605 quam
1476 2539 1603 2594 Graeci

896 2641 1000 2694 sycen
1036 2627 1178 2691 vocant,
1221 2623 1340 2677 odoris
1379 2623 1604 2690 gravissimi.

897 2710 1019 2765 laricis
1038 2711 1175 2764 morbus
1193 2712 1260 2777 est,
1279 2712 1317 2763 ut
1334 2711 1433 2764 taeda
1451 2710 1527 2765 liat.

240 3146 453 3229 Neglegenter
477 3145 605 3207 Plinius
642 3144 892 3228 Theophrastum
922 3145 1037 3228 legisse
1059 3145 1196 3224 videtur,
1226 3164 1301 3206 nam
1332 3143 1371 3206 de
1400 3149 1475 3228 συκῇ
1509 3148 1606 3228 quasi

142 3252 311 3315 defructu
346 3249 457 3312 taedae
479 3249 632 3331 loquitur,
667 3270 740 3313 cnm
772 3269 852 3312 usus
882 3252 924 3313 sit
953 3249 1050 3313 verbo
1079 3249 1211 3328 ferendi,
1241 3248 1394 3331 Theophr.
1417 3255 1528 3312 autem
1551 3269 1603 3312 me

132 3357 265 3440 quidem
298 3358 333 3419 iu
349 3354 419 3416 dice
448 3355 531 3416 hano
560 3355 601 3414 in
633 3355 683 3416 his
712 3353 876 3418 arboribus
905 3374 975 3418 esse
1006 3355 1093 3433 dicit,
1123 3353 1160 3415 cf.
1183 3352 1215 3414 τὸ
1240 3350 1453 3436 ἐπιγιγνόμενον
1477 3354 1517 3414 ἐν
1541 3355 1607 3424 ταῖς

128 3458 259 3538 πεόκοιις,
284 3464 320 3524 ἐν
354 3462 412 3530 τοῖς
436 3452 550 3542 ἄρρεοίν
574 3459 634 3519 ἐστι
658 3461 775 3541 μᾶλλον.

239 3567 407 3631 Praeterea
439 3566 556 3625 mirum
586 3568 641 3642 est,
670 3563 757 3644 quod
784 3561 911 3624 Plinius
944 3562 1020 3624 dicit
1052 3579 1149 3640 sycen
1180 3562 1271 3624 nasci
1301 3562 1333 3622 in
1367 3561 1477 3636 taedis
1501 3559 1606 3624 Theo·

135 3672 283 3753 phrastus
307 3673 355 3747 ,,ἐν
378 3668 439 3737 ταῖς
463 3663 613 3742 redamet
638 3685 711 3728 cum
728 3667 807 3729 alias
831 3684 955 3748 semper
971 3665 1097 3728 Plinius
1115 3671 1214 3728 vertat
1238 3662 1369 3746 ‚metiaq“
1392 3682 1448 3747 per
1466 3664 1603 3745 ‚,larirr.“

199 3790 251 3856 Ill,
270 3796 295 3857 9,
313 3796 343 3847 4:
373 3787 408 3842 τό
440 3785 498 3860 γὰρ
529 3791 589 3856 τῆς
621 3783 750 3858 πεόκης
781 3788 838 3839 κοιὶ

129 3875 322 3952 παχύτερον
346 3877 402 3930 καὶ
427 3872 606 3947 λειότερον
632 3875 688 3926 καὶ
709 3869 837 3945 ὑψηλό-

128 3983 230 4037 τερον
256 3965 357 4027 εἶναι,
382 3964 439 4015 καὶ
462 3959 500 4014 τὰ
520 3958 627 4025 φόλλοι
645 3959 692 4032 τὴν
713 3964 758 4031 μὲν
777 3957 837 4013 πεό-

128 4071 178 4123 κην
205 4052 295 4125 ἔχειν
321 4047 426 4103 πολλὰ
454 4050 510 4101 καὶ
533 4046 660 4120 λιπαροὶ
685 4049 729 4100 καὶ
754 4047 838 4117 βαθέα

127 4140 184 4190 καὶ
214 4138 413 4208 κεκλιμένα,
443 4134 503 4206 τὴν
533 4136 564 4188 δὲ
594 4136 690 4187 πίτυν
718 4135 762 4186 καὶ
788 4132 836 4204 τὴν

127 4222 280 4298 κωνορόρον
299 4221 397 4295 ταύτην
418 4221 516 4294 ὀλίγοι
533 4242 567 4275 τε
586 4223 642 4273 καὶ
662 4215 839 4294 αόγμωδέ-

128 4331 231 4384 στερα
250 4313 294 4364 καὶ
313 4308 458 4383 πεφρικότα
478 4312 585 4383 μᾶλλον.

198 4400 213 4466 ᾗ
232 4403 256 4456 5,
286 4394 321 4449 ‘ll
340 4398 372 4449 δὲ
390 4401 494 4456 πίτυς
513 4398 586 4450 δοκεῖ
601 4399 649 4466 τῆς
668 4389 767 4464 πεόκης
786 4392 838 4445 διοι-

129 4488 215 4558 ρέρειν
244 4489 281 4554 rip
304 4485 469 4556 λιπαρωτέροι
495 4503 524 4536 τε
552 4484 616 4536 εἶναι
641 4482 686 4533 καὶ
713 4480 838 4533 λεπτο-

127 4572 337 4641 φυλλοτέρα,
370 4569 415 4620 καὶ
445 4569 475 4622 τὸ
506 4570 614 4642 μέγεθος
645 4565 758 4620 ἐλάττων
795 4567 840 4618 καὶ

124 4652 207 4739 ἧττον
227 4651 274 4709 lt
320 4650 326 4671 '
348 4671 378 4710 t·
408 4655 445 4708 ἔτι
464 4657 491 4709 δὲ
511 4659 555 4708 καὶ
573 4653 617 4708 τόν
637 4658 719 4707 κῶνον
740 4650 839 4706 ἐλοίττω

150 4746 155 4760 ’
373 4735 442 4792 κόποι
473 4744 580 4812 μᾶλλον,
607 4743 652 4794 καὶ
680 4740 712 4792 τὸ
741 4739 838 4811 κάρυον

962 3786 1039 3852 §lo
1078 3784 1136 3838 sed
1155 3784 1254 3853 picea
1272 3785 1387 3837 minus
1411 3783 1482 3836 alta
1500 3799 1606 3852 quam·

891 3871 999 3939 larix,
1018 3871 1082 3924 illa
1106 3872 1261 3925 crassior
1285 3871 1471 3938 leviorque
1490 3872 1604 3936 cortice,

890 3958 977 4012 folio
1015 3959 1149 4025 villosior,
1192 3958 1359 4026 pinguior
1394 3961 1420 4009 et
1456 3958 1604 4012 densior

891 4044 1034 4098 mollius
1071 4045 1181 4112 flexo,
1224 4062 1254 4098 ac
1296 4045 1419 4111 piceae
1463 4045 1606 4099 rariora

891 4131 1117 4199 siccioraque
1136 4131 1222 4186 lolia
1239 4133 1273 4184 et
1290 4131 1452 4183 tenuiora
1469 4147 1500 4183 ac
1513 4133 1603 4200 magis

893 4217 1016 4286 algentia,
1035 4222 1143 4287 totaque
1161 4218 1294 4272 horridior
1319 4219 1346 4270 et
1370 4217 1477 4284 perfusa
1501 4218 1602 4283 resina,

892 4305 1028 4374 lignum
1045 4305 1156 4358 abieti
1181 4303 1348 4357 similius.
1387 4302 1485 4354 larix
1503 4305 1607 4356 ustis

891 4393 1076 4447 radicibus
1124 4409 1187 4444 non
1237 4388 1446 4458 repullulat,
1502 4391 1605 4456 picea

892 4479 1103 4547 repullulat,
1128 4481 1167 4531 ut
1190 4477 1224 4530 in
1247 4477 1356 4530 Lesbo
1380 4476 1518 4530 accidit
1547 4478 1605 4530 in·

893 4582 998 4620 censo
1018 4581 1150 4618 nemore
1168 4563 1352 4632 Pyrrhaeo.
