3292 5436
805 61 824 126 'l

195 265 285 342 Quae
319 269 413 329 initio
447 268 546 333 huius
580 268 765 350 paragraphi
796 267 922 334 Plinius
957 269 1043 347 dicit,
1076 271 1163 355 apud
1195 270 1443 355 Theophrastum
1477 291 1541 336 non
1602 300 1608 309 ·

90 375 227 450 exstant,
251 389 334 452 quae
358 369 418 433 sub
441 370 549 450 finem,
572 373 686 454 partim
708 371 902 453 respondent
927 372 1132 457 Theophrasti
1162 375 1266 438 verbis
1297 395 1380 458 quae
1411 375 1541 438 contuli.

86 472 150 536 Sed
185 492 226 536 ne
258 474 336 537 haec
367 473 495 556 quidem
528 472 670 538 Plinium
702 493 742 537 ex
774 472 987 558 Theophrasto
1022 482 1204 540 mutuatum
1242 496 1311 542 esse
1345 483 1433 560 puto,
1467 497 1540 542 cum

90 574 188 638 verba
212 577 381 659 utriusque
406 597 469 640 non
494 577 588 660 plane
611 583 796 660 congruant.
841 576 968 642 Plinius
991 580 1134 662 loquitur
1164 581 1202 644 de
1232 581 1347 664 glande
1372 583 1542 664 utriusque

84 678 171 741 ilicis
194 679 213 744 1.
237 697 264 743 1.
289 680 425 743 duorum
457 699 609 763 generum
642 680 723 742 ilicis·
755 700 873 760 eorum,
911 702 994 764 quae
1024 684 1284 747 commemoravit
1315 686 1347 746 in
1380 685 1428 765 iis,
1460 703 1542 767 quae

83 781 289 864 antecedunt,
324 803 398 845 cum
434 783 520 866 apud
553 783 803 866 Theophrastum
839 784 878 849 dc
911 785 960 848 his
994 787 1075 849 ilicis
1110 786 1282 868 generibus
1314 787 1393 851 nihil
1425 794 1541 851 exstet.

85 883 215 948 Deinde
239 885 316 949 dicit
336 884 463 950 Plinius
486 887 568 948 ilicis
590 887 738 969 glandem
771 906 839 950 esse
863 887 1038 952 breviorem
1061 895 1092 953 et
1113 890 1322 972 graciliorem,
1346 911 1418 953 cum
1442 889 1541 954 Theo·

84 988 236 1070 phrastus
267 994 375 1052 utatur
398 991 448 1053 his
476 996 601 1053 tantum
625 990 729 1054 verbis
757 991 864 1074 ,μικρὰ
893 988 968 1074 1ὲὴ
992 989 1144 1075 ,1111111111
1188 993 1250 1057 Sed
1285 995 1344 1057 hoc
1379 1014 1443 1057 non
1477 1001 1540 1057 tam

87 1094 199 1174 magni
234 1094 388 1156 momenti
422 1099 480 1174 est,
514 1113 586 1155 cum
622 1093 699 1156 haec
733 1093 828 1156 verba
861 1092 988 1157 Plinius
1017 1096 1085 1177 ipse
1120 1097 1242 1160 adicere
1277 1099 1421 1179 potuerit.
1480 1097 1540 1162 Sed

84 1215 251 1258 summum
289 1202 513 1279 argumentum
551 1196 700 1279 praebere
738 1198 816 1258 mihi
856 1196 997 1277 videtur,
1043 1199 1128 1281 quod
1175 1197 1409 1282 Theophrastus
1447 1201 1539 1263 dicit:

85 1302 229 1373 ,καλοῦσι
245 1298 277 1361 δέ
293 1305 392 1376 τινες“,
409 1299 536 1363 Plinius
554 1299 733 1380 „Homerus
749 1300 917 1382 appellat“,
934 1301 1053 1383 quibus
1071 1302 1175 1365 verbis
1192 1303 1278 1384 apud
1290 1303 1540 1386 Theophrastum

84 1404 314 1485 responderent
345 1404 448 1480 ,καλεῖ
470 1402 502 1466 δὲ
526 1401 541 1466 ὁ
565 1401 712 1486 ποιητής*
758 1401 828 1478 Qua
858 1423 899 1466 ex
927 1424 960 1468 re
987 1407 1056 1468 sine
1080 1404 1144 1468 ullo
1168 1405 1265 1468 dubio
1289 1406 1438 1489 adparere
1462 1407 1540 1468 mihi

85 1504 215 1569 videtur
230 1506 371 1570 Plinium
395 1508 568 1571 1111111111
593 1513 752 1569 auctorem
777 1515 873 1589 atque
895 1506 1143 1591 Theophrastum
1167 1507 1362 1588 adhibuisse,
1387 1510 1542 1573 eundem-

88 1629 163 1691 que,
188 1611 239 1673 cui
266 1630 312 1692 ea,
337 1631 419 1694 quae
443 1611 636 1674 antecedunt
659 1610 698 1672 de
723 1609 849 1673 duobus
872 1613 1043 1693 generibus
1066 1612 1147 1674 ilicis
1172 1611 1272 1674 debet.

196 1730 284 1805 Quae
308 1732 434 1795 Plinius
458 1733 534 1794 dicit
556 1733 588 1792 iu
614 1751 733 1814 paragr.
757 1732 810 1811 20,
834 1733 916 1814 apud
940 1732 1191 1816 Theophrastum
1215 1752 1279 1795 non
1303 1738 1439 1797 exstant.

156 1871 201 1932 111,
215 1873 239 1934 8,
253 1872 277 1924 3.
294 1863 372 1923 ''ldtoa
392 1870 419 1923 δὲ
438 1870 539 1944 ἔχουσιν
559 1865 576 1939 ἦ
595 1889 624 1922 τε
644 1867 725 1941 φηγὸς
744 1871 787 1922 καὶ
911 1872 985 1937 §DL
1022 1868 1151 1922 Probatur
1175 1876 1202 1921 ct
1225 1886 1275 1935 ca,
1299 1869 1403 1923 cuius
1427 1870 1460 1922 in
1487 1871 1540 1924 ba·

83 1950 787 2028 ἡ1111111111ἀμφότεραι-(1.1παραλιθάζουσιν
841 1953 917 2007 1111
942 1956 1116 2022 utrimque
1139 1973 1173 2008 ox
1198 1956 1366 2018 longitudino
1389 1960 1542 2010 extrema

84 2041 118 2092 ἐν
138 2047 209 2102 τοῖς
230 2036 345 2114 ἄρρεσι
360 2043 531 2112 καλουμένοις
549 2040 581 2100 ἐξ
601 2035 709 2115 ἄκρων
728 2044 787 2094 τῶν
840 2038 1036 2108 lapidescit
1055 2041 1275 2107 1111·1111,1111111·
1294 2042 1338 2096 cui
1357 2042 1389 2094 lu
1409 2043 1541 2096 cortica

85 2123 243 2197 βαλάνων
266 2129 493 2200 ἑκατέρωθεν,
519 2125 726 2200 αἰμὲνπρὸς
748 2131 792 2198 τῷ
841 2143 920 2194 quum
951 2127 1006 2180 cui
1037 2128 1070 2180 in
1107 2144 1262 2196 corpore,
1298 2137 1442 2196 utrumqne
1477 2146 1540 2184 nou

86 2210 242 2286 κελύφει,
263 2215 293 2267 αἱ
312 2215 345 2268 δὲ
364 2212 444 2287 πρὸς
463 2210 546 2286 αὐτῇ
565 2218 602 2286 τῇ
623 2215 728 2285 σαρκί.
841 2213 910 2266 nisi
936 2214 1026 2266 mari.

156 2297 221 2351 ibid.
241 2297 396 2374 Διαφέρουσι
415 2302 442 2355 δὲ
460 2303 575 2359 καὶτοῖς
601 2302 719 2370 μεγέθεσι
743 2301 787 2353 καὶ
911 2303 1043 2366 praeterea
1060 2299 1122 2354 11111
1140 2303 1226 2366 orata,
1249 2300 1311 2353 aliis
1334 2301 1455 2368 rotunda,
1479 2301 1542 2356 aliis

83 2393 139 2444 τοῖς
159 2383 274 2460 σχήμασι
292 2390 338 2441 καὶ
354 2395 407 2447 τοῖς
426 2385 544 2463 χρώμασι
563 2391 612 2439 τῶν
631 2383 758 2457 {ialal-auia.
840 2388 943 2439 acutior
966 2385 1057 2453 figura,
1082 2388 1154 2439 sicut
1178 2391 1204 2439 ot
1229 2386 1301 2440 colos
1327 2387 1428 2454 nigrior
1450 2388 1540 2441 candi-

117 2486 120 2491 ·
841 2473 934 2526 diotre
953 2472 1000 2540 qui
1019 2473 1171 2539 praefertur.

157 2556 185 2610 C.
199 2557 229 2615 Ρ,
242 2557 289 2626 Vl,
304 2562 345 2626 10,
357 2565 382 2617 7.
416 2560 469 2613 οἷον
488 2559 517 2614 τὸ
535 2567 608 2620 ταῖς
628 2557 788 2630 βαλάνοις
910 2558 1148 2612 amaritudoin
1164 2558 1467 2625 extremitatibus,
1486 2575 1541 2612 mo·

83 2645 139 2697 ὲπὶ
157 2649 200 2715 τῷ
215 2639 306 2718 ἄκρῳ
324 2644 383 2718 τὴν
403 2647 540 2720 πικρίαν
560 2647 656 2700 εἶναι.
841 2645 900 2698 diae
924 2643 1025 2702 dulces.
1053 2645 1119 2713 quin
1143 2648 1170 2697 et
1195 2645 1313 2712 pediculi
1338 2645 1454 2698 brevitas
1481 2662 1541 2714 pro·

840 2732 989 2800 caritasque
1008 2732 1184 2785 differentiam
1203 2731 1289 2785 habet.

193 2852 287 2915 Hauc
311 2855 541 2937 paragraphum
567 2875 607 2918 ex
631 2854 845 2938 Theophrasto
868 2856 937 2937 ipso
961 2860 1119 2937 sumptam
1144 2874 1299 2918 essenon
1325 2865 1412 2939 puto.
1458 2855 1540 2919 Nam

85 2957 145 3018 etsi
169 2957 325 3020 nonnulla
349 2946 533 3040 congr‘uunt
566 2959 652 3042 apud
688 2965 874 3041 utrumque,
908 2964 1012 3021 tamen
1049 2978 1110 3020 nou
1144 2966 1207 3021 tam
1239 2960 1430 3022 verbotenus
1459 2962 1541 3023 inter

86 3079 122 3122 se
157 3062 360 3143 respondent,
390 3067 427 3125 ut
461 3063 537 3126 haec
569 3071 658 3125 certe
691 3063 902 3144 Theophrasto
932 3063 994 3145 ipsi
1025 3060 1132 3124 deberi
1163 3064 1312 3126 contendi
1345 3065 1478 3146 possint,
1512 3072 1542 3126 et

88 3183 163 3226 cum
188 3169 290 3228 cetera
306 3166 391 3249 apud
407 3167 656 3250 Theophrastum
681 3185 743 3228 non
770 3172 907 3246 exstent,
930 3168 1037 3229 omnia
1060 3185 1101 3229 ex
1124 3166 1232 3229 eodem
1258 3174 1385 3230 auctore
1408 3165 1542 3232 tltrxisse

86 3268 165 3330 mihi
190 3269 346 3332 videntur.

192 3387 258 3452 lam
294 3392 385 3454 initio
416 3391 542 3455 Plinius
577 3391 741 3475 conrplura
775 3389 913 3473 praebet,
950 3409 1032 3472 quae
1066 3390 1152 3473 apud
1185 3391 1436 3471 Theophrastum
1472 3412 1536 3454 non

86 3497 223 3556 exstant.
268 3492 355 3557 Dicit
380 3514 438 3576 „ex
460 3496 661 3578 longitudine
685 3496 859 3574 extremat‘,
881 3493 1113 3577 Theophrastus
1137 3495 1184 3569 ,ἐξ
1208 3489 1304 3578 ἄκρων
1327 3498 1380 3556 τῶν
1404 3493 1540 3578 βαλάνων

82 3595 296 3682 sacrtpodaaf‘
352 3598 478 3662 Plinius
517 3607 622 3662 utrum
655 3619 696 3662 ex
732 3599 780 3661 his
811 3597 1015 3681 Theophrasti
1049 3601 1185 3681 sumpsit
1222 3599 1461 3680 ,teugaudine‘
1498 3619 1539 3661 an

41 3704 43 3709 '
85 3701 238 3765 aliunde?
270 3739 311 3748 —-
342 3701 466 3767 Deinde
495 3710 649 3767 secuntur
683 3702 768 3787 apud
799 3701 939 3765 Plinium
975 3703 1066 3765 haec:
1104 3704 1236 3780 „melior
1269 3704 1322 3765 111
1357 3704 1390 3764 11
1426 3704 1542 3766 1111111

87 3825 187 3890 quam
212 3809 264 3870 cui
288 3809 321 3869 in
346 3808 508 3891 corpore“,
531 3808 616 3891 apud
633 3806 883 3889 Theophrastum
907 3804 956 3882 „ai
980 3803 1031 3890 μὲν
1055 3806 1125 3890 πρὸς
1148 3812 1189 3891 τῷ
1207 3805 1337 3890 κελύφει,
1362 3805 1392 3869 αἱ
1416 3804 1448 3868 δὲ
1471 3805 1541 3890 πρὸς

85 3907 163 3996 αὐτῇ
186 3915 223 3996 τῇ
246 3909 356 3997 capal‘,
393 3931 477 3994 cum,
512 3917 582 3974 utra
617 3912 727 3974 melior
762 3912 817 3991 sit,
852 3930 917 3973 non
953 3911 1084 3974 dicatur.
1144 3911 1287 3972 Plinium
1322 3913 1428 3991 ipsum
1464 3911 1540 3975 haee

86 4015 241 4080 adiecisse
264 4017 437 4080 verisimile
460 4016 538 4079 mihi
561 4035 626 4078 non
650 4015 784 4078 videtur.
842 4013 931 4088 Quae
965 4018 1118 4077 secuntur
1152 4015 1236 4098 apud
1269 4015 1424 4096 Plinium,
1458 4022 1542 4079 certe

88 4118 142 4183 alii
177 4122 298 4183 auctori
334 4119 498 4200 debentur,
536 4121 599 4182 nisi
636 4119 731 4202 quod,
770 4137 852 4201 quae
886 4118 946 4182 sub
981 4117 1078 4181 finem
1113 4119 1189 4180 dicit
1226 4119 1470 4181 amaritudinem
1507 4121 1541 4181 in

85 4223 342 4290 extremitatibus
365 4243 444 4306 esse,
466 4224 700 4307 Theophrastus
725 4242 854 4306 quoque
877 4228 1109 4287 commemorat.

193 4345 282 4422 Quae
313 4366 386 4409 cum
414 4348 459 4410 ita
486 4347 558 4426 sint,
589 4345 731 4407 Plinium
763 4345 814 4406 hio
843 4363 907 4407 non
937 4345 1184 4428 Theophrastum
1216 4345 1323 4426 ipsum
1355 4343 1540 4408 adhibuisse

85 4451 256 4533 contendo,
280 4452 335 4515 sed
359 4451 459 4513 alium
477 4450 636 4534 quendam
654 4454 829 4524 auctorem;
854 4468 895 4510 an
911 4448 1049 4512 eundem
1072 4447 1147 4512 inde
1170 4469 1185 4510 a
1212 4466 1332 4530 paragr.
1349 4448 1398 4529 19,
1421 4447 1541 4511 dubito.

85 4553 149 4618 Η11
180 4564 291 4619 auctor
322 4556 470 4639 quisquis
500 4555 570 4636 fuit,
598 4555 687 4637 prius
718 4552 800 4616 dixit
830 4552 868 4615 de
898 4552 1071 4635 glandibus
1093 4572 1150 4636 per
1180 4570 1224 4632 se,
1255 4550 1369 4614 deinde
1393 4552 1540 4614 distinxit

87 4657 220 4741 glandes
246 4661 425 4725 secundum
448 4660 597 4747 pretium.
639 4656 732 4737 Quod
754 4657 833 4725 mihi
857 4657 1006 4744 adparere
1029 4656 1156 4722 videtur
1178 4675 1220 4720 err
1243 4674 1289 4736 eo,
1313 4656 1398 4739 quod
1415 4655 1542 4719 Plinius
