3188 5206
825 155 868 220 52

224 359 312 425 Haec
342 379 383 423 ex
410 360 624 445 Theophrasto
659 367 786 444 sumpta
816 382 885 427 esse
915 368 1003 445 puto,
1037 383 1112 427 nam
1146 367 1258 448 paucis
1292 369 1441 450 exceptis
1475 372 1566 434 omnia

120 465 209 550 apud
244 470 419 548 utrumque
457 466 552 548 plane
586 468 777 547 congruunt.
835 468 872 530 ln
903 470 953 547 iis,
989 487 1071 550 quae
1101 469 1140 532 de
1169 471 1266 533 ramis
1290 473 1396 534 caecis
1421 472 1567 554 dicuntur,

117 578 201 636 recte
234 570 449 633 Schneiderus
484 571 692 632 coniunxisse
726 571 873 634 videtur:
909 569 976 647 ,καὶ
1012 570 1098 656 φύσει
1214 569 1234 656 ἢ
1269 570 1339 637 ὅταν
1364 576 1407 660 μὴ
1432 579 1508 663 λυθῇ
1527 576 1567 643 καὶ

116 674 316 760 ἐκβιάοηταιιί,
340 669 408 749 ,καὶ
431 671 620 757 πηρώσει...
642 667 662 756 ἢ
686 670 754 736 ὅταν
778 672 915 760 ἀποκοπῇ
937 673 988 738 καὶ
1005 674 1066 739 οἷον
1083 674 1252 749 ἐπικουθεὶς
1267 682 1428 766 πηρωθῇίί.
1476 682 1568 747 Verba

117 776 154 863 ,ἢ
177 775 247 842 ὅταν
271 777 311 862 μὴ
335 778 413 861 λυθῇ
434 773 484 839 καὶ
508 775 702 862 ἐπβιάσητοινι
725 786 810 842 recte
833 799 883 842 me
907 781 1036 862 quidem
1060 780 1168 844 iudice
1187 781 1329 864 Scaliger
1351 786 1565 869 interpretatus

119 889 184 948 est:
211 903 305 965 „cum
329 882 434 944 nodus
457 881 538 944 solvi
561 888 592 945 et
615 900 746 965 germen
770 903 974 968 prorumpere
997 905 1062 948 non
1085 887 1221 969 potest“,
1244 888 1288 950 ita
1307 893 1345 951 nt
1360 889 1564 972 respondeant

120 989 219 1051 Plinii
253 985 359 1049 verbis
402 987 449 1067 „si
484 1005 549 1048 non
585 988 752 1051 evaluere‘
793 989 814 1049 i.
850 1007 875 1051 e.
914 990 961 1071 „si
996 991 1062 1052 vim
1096 991 1298 1071 germinandi
1329 1011 1398 1054 non
1433 993 1564 1058 habent‘.

117 1091 233 1155 Verbis
255 1087 305 1153 καὶ
328 1088 537 1174 πηρώσει
561 1086 581 1174 ἢ
605 1086 674 1154 ὅταν
698 1088 836 1176 ἀποκοπῇ
857 1089 908 1155 καὶ
931 1091 990 1156 οἷον
1015 1090 1183 1164 terraneam
1206 1095 1355 1179 caputq‘
1386 1099 1566 1180 respondere
1590 1136 1593 1141 ·

119 1196 196 1259 mihi
219 1195 371 1258 videntur
393 1194 492 1257 Plinii
519 1193 631 1258 verba:
669 1201 744 1277 „aut
766 1215 880 1279 poena,
909 1216 983 1259 cum
1013 1197 1180 1279 deputatos
1211 1200 1344 1261 cicatrix
1376 1200 1560 1266 hebetavit‘.
1590 1222 1593 1263 :

220 1316 333 1380 Terrae
355 1337 516 1399 proxuma
539 1319 693 1381 crassiora
708 1337 778 1381 esse
793 1317 1027 1402 Theophrastus
1051 1339 1215 1402 nusquam
1233 1330 1476 1403 commemorat,
1498 1324 1563 1388 haec
1590 1300 1593 1381 f

116 1422 168 1486 vel
192 1422 359 1504 exipsius
385 1423 518 1485 scientia
541 1422 590 1484 vel
614 1422 744 1485 aliunde
768 1429 896 1505 sumpta
919 1423 1034 1486 adiecit
1056 1422 1191 1486 Plinius.
1591 1420 1593 1425 ’

222 1544 310 1606 Inter
333 1543 469 1622 arbores,
494 1563 576 1624 quae
598 1545 632 1605 in
648 1544 891 1627 longitudinem
915 1550 1110 1626 excrescant,
1133 1550 1256 1628 praeter
1278 1564 1343 1628 eaS,
1368 1566 1452 1629 quas
1475 1547 1559 1612 Theo
1585 1544 1593 1623 J

117 1649 266 1733 phrastus
287 1647 406 1727 laudat,
437 1646 564 1709 Plinius
587 1653 752 1711 enumerat
775 1649 904 1711 laricem
927 1656 957 1711 et
981 1649 1114 1711 ulmum.
1161 1647 1304 1712 Laricem
1329 1649 1450 1714 ducere
1472 1652 1560 1734 potuit

118 1772 160 1816 ex
181 1753 252 1815 loco
267 1750 483 1833 Theophrasti,
508 1770 604 1834 quern
628 1752 740 1832 adtuli,
764 1753 819 1815 ubi
836 1752 961 1815 arbores
978 1753 1097 1833 laudat,
1122 1772 1204 1835 quae
1227 1754 1261 1814 in
1282 1760 1409 1819 rectum
1430 1737 1561 1820 crescant

117 1861 148 1920 et
169 1857 264 1938 longo
298 1855 430 1918 caudice
460 1856 535 1936 sint,
568 1857 651 1919 inter
681 1875 761 1938 quas
783 1855 911 1918 laricem
945 1876 1075 1940 quoque
1105 1863 1339 1920 commemorat.
1396 1857 1459 1924 Sed
1489 1859 1560 1924 unda

116 1967 283 2023 mutuatus
306 1965 354 2023 est
376 1959 525 2021 ulmum?
548 1950 550 1954 ⁸
572 1959 675 2040 „Male
698 1960 781 2022 hanc
804 1959 931 2022 Plinius
955 1960 994 2023 de
1018 1979 1076 2023 suo
1100 1961 1235 2024 adiecit“
1261 1962 1340 2024 dicit
1357 1961 1558 2027 Schneiderus

116 2063 187 2144 (III,
209 2063 271 2142 49).
329 2061 489 2144 Equidem
525 2063 700 2126 diiudicare
734 2083 801 2126 nou
830 2083 972 2146 possum,
1008 2064 1094 2127 unde
1125 2065 1208 2128 hanc
1230 2065 1359 2129 Plinius
1391 2068 1558 2151 sumpserit,

116 2173 223 2231 utrum
248 2187 289 2230 ex
311 2168 414 2248 ipsius
427 2168 561 2229 scientia
573 2186 613 2228 an
629 2186 671 2229 ex
683 2167 744 2228 alio
769 2167 910 2248 quodam
926 2175 1063 2250 auctore,
1087 2168 1143 2232 sed
1160 2187 1218 2242 cur
1232 2169 1314 2233 male
1330 2170 1416 2233 hanc
1430 2171 1559 2235 Plinium

116 2272 270 2335 adiecisse
294 2270 508 2334 Schneiderus
539 2271 632 2352 dicat,
661 2272 746 2334 haud
770 2272 930 2354 intellego,
960 2291 1035 2334 nam
1066 2277 1149 2336 certe
1177 2273 1287 2337 ulmus
1317 2294 1471 2357 magnam
1502 2274 1584 2338 alti·-

115 2376 261 2439 tudinem
284 2375 478 2457 adipiscitur
1481 2395 1483 2400 ·

224 2497 355 2562 Cerasus
386 2497 588 2561 altitudinem
611 2495 672 2558 XL
701 2496 882 2559 cubitorum
913 2497 1047 2580 adsequi
1071 2497 1149 2560 dicit
1173 2497 1309 2582 Plinius,
1339 2499 1556 2585 Theophrastus

114 2603 229 2685 viginti
263 2609 422 2684 quattuor.
469 2600 567 2684 Apud
598 2599 849 2682 Theophrastum
878 2597 1050 2664 numerum
1079 2604 1195 2665 mutari
1222 2622 1288 2665 non
1317 2604 1415 2670 licere
1443 2606 1556 2690 adparat

115 2725 157 2769 ex
180 2706 345 2769 Athenaeo
376 2704 447 2786 (lli,
471 2725 541 2788 pag.
559 2704 630 2783 50):
666 2704 725 2780 ,εἰς
750 2701 841 2767 εἴκοσι
869 2701 919 2768 καὶ
947 2704 1084 2790 τέτταρας
1113 2705 1219 2792 πήχεις
1243 2700 1388 2780 αδξεται“.
1435 2711 1556 2789 Pliniua,

115 2818 152 2873 ut
174 2810 346 2873 Eduardus
370 2809 583 2872 schwartzius
613 2807 753 2891 benigne
781 2829 831 2872 me
861 2810 978 2888 docuit,
1014 2830 1071 2892 pro
1101 2812 1192 2893 signo
1224 2814 1353 2875 numeri
1384 2811 1494 2890 „ainau
1518 2808 1568 2877 κά·

114 2913 265 2999 τέτταρεςιι
305 2901 361 2977 {Th
389 2913 467 2976 falso
496 2913 572 2994 legit
604 2911 636 2976 M
668 2914 712 2992 (z
741 2912 979 2998 τεοοάρακοντα),
1013 2920 1050 2976 ut
1082 2915 1164 3005 infra
1197 2915 1230 2996 (ἕ
1255 2915 1331 3000 151)
1366 2917 1555 2982 commutarit

114 3019 234 3082 litteras
257 3016 309 3081 aa
334 3028 365 3081 et
388 3017 428 3093 li,
445 3037 527 3083 cum
550 3016 668 3099 legeret
691 3018 846 3101 ,,μαστοῖς“
868 3038 925 3101 pro
948 3019 1127 3103 ,,βλαστοῖς“.
1180 3019 1347 3084 Praeterea
1370 3023 1455 3087 male
1476 3023 1551 3085 intar-

117 3130 259 3206 pretatus
291 3129 337 3186 est
367 3122 493 3185 Plinius
526 3121 734 3204 Theophrasti
764 3123 860 3186 verba
894 3121 971 3200 ,ἀπὸ
1000 3127 1052 3207 τῆς
1080 3120 1187 3208 ’ρίξης“.
1241 3123 1324 3188 Nam
1359 3144 1413 3190 me
1447 3124 1566 3209 quiden„

113 3228 221 3290 iudice
243 3228 320 3290 haec
343 3227 425 3289 nihil
448 3226 536 3288 aliud
560 3225 740 3307 significare
771 3233 918 3308 possunt,
953 3228 1018 3289 nisi
1049 3247 1105 3309 „ea
1129 3229 1227 3291 cerasi
1249 3248 1334 3312 pars,
1368 3249 1453 3313 quae
1474 3223 1551 3292 radid

114 3332 262 3413 proxima
278 3337 335 3413 est,
359 3330 605 3393 crassitudinem
631 3331 768 3393 duorum
792 3329 975 3393 cubitorum
992 3331 1210 3414 adsequitur‘,
1233 3333 1452 3398 cum-Plinius
1476 3333 1551 3405 dicat,
1576 3403 1578 3406 ¹

82 3426 259 3498 'cerasum
297 3442 396 3498 totam
433 3433 560 3516 aequali
600 3435 737 3519 duorum
776 3433 958 3497 cubitorum
996 3438 1208 3500 crassitudine
1246 3455 1330 3520 essa,
1380 3439 1488 3520 quasi,
1526 3433 1574 3494 δῖ’

77 3595 81 3604 ,
117 3538 331 3614 Schneiderus
353 3539 374 3601 l.
399 3540 419 3600 l.
445 3538 529 3615 dicit,
553 3537 703 3599 additum
725 3538 838 3620 legerit
860 3537 966 3624 ,μέχρι
988 3543 1042 3602 τῶν
1065 3534 1166 3612 δ’ζωνίί

227 3660 336 3725 Cetera
359 3661 445 3742 apud
471 3665 645 3741 utrumque
668 3659 762 3741 plane
786 3665 977 3742 congruunt.

185 3797 207 3864 Ι,
226 3802 250 3864 5,
270 3801 294 3853 2.
331 3794 411 3850 Πάλιν
439 3794 478 3850 τὰ
508 3798 565 3868 μὲν
594 3792 817 3868 lanteleia,
942 3800 956 3866 ἕ
986 3802 1042 3855 126.
1098 3796 1222 3851 Cortex
1255 3798 1337 3851 aliis
1372 3799 1500 3865 tenuia,
1527 3788 1552 3844 ai

113 3882 269 3957 καθάπερ
321 3882 447 3957 δάφνη,
501 3885 642 3956 φίλορο·
693 3883 733 3936 τὰ
785 3885 819 3938 δὲ
871 3884 983 3952 lauro,
1011 3884 1130 3952 tiliae,
1157 3885 1241 3939 aliis
1270 3900 1428 3954 crassae,
1456 3888 1490 3940 ut
1511 3895 1552 3935 ro·

112 3970 355 4046 παχώρλοιοι,
397 3969 570 4044 καθάπερ
611 3967 685 4044 ἀγρία
725 3973 818 4044 δρῦς.
871 3970 1350 4039 bori,aliislevisutmalo,
1376 3970 1568 4042 fiee,idess1·

106 4054 167 4112 Ἔτι
201 4059 228 4111 δὲ
260 4055 299 4111 τὰ
334 4060 389 4129 μὲν
429 4055 628 4131 λειόφλοια,
665 4056 817 4132 καθάπερ
872 4059 992 4112 scaber
1027 4059 1160 4127 robori,
1196 4058 1342 4127 palmae,
1380 4060 1500 4114 omnihus
1527 4052 1551 4106 ii

113 4147 238 4217 μηλέο,
282 4149 383 4216 συκῆ·
429 4143 467 4198 ad
509 4146 546 4198 δὲ
584 4143 817 4220 τραχάρλοια,
872 4148 1015 4198 senecta
1038 4147 1208 4214 rugosior.
1250 4145 1460 4214 quibusdam
1481 4156 1552 4200 run·

112 4229 266 4303 καθάπερ
304 4228 379 4305 ἀγρία
416 4234 509 4306 δρῦς,
547 4230 653 4304 ρελλδς,
697 4232 817 4305 φοῖνιξ.
872 4231 968 4299 pitur
1004 4238 1139 4300 sponte,
1176 4235 1213 4287 ut
1248 4231 1333 4300 viii,
1370 4231 1554 4301 quibusdan

112 4316 202 4371 Ταῦτα
243 4319 270 4371 δὲ
312 4322 358 4371 νέοι
400 4321 446 4389 μὲν
485 4313 545 4370 iarn
581 4320 634 4373 λειο
672 4317 816 4393 φλοώτεροι,
871 4319 975 4371 etiam
993 4321 1103 4383 eadit,
1128 4322 1165 4373 ut
1188 4319 1289 4387 male,
1313 4321 1477 4388 unedoni,
1497 4328 1554 4374 ear·

113 4401 400 4478 ἀπογηράσκονπα
436 4406 464 4459 δὲ
499 4404 817 4479 τραχορλοιότερα·
871 4406 1574 4474 nesussuberi,populo,membranaeeut

112 4492 185 4545 ἔνια
231 4492 264 4544 δὲ
308 4493 364 4544 καὶ
411 4490 615 4565 putiphare,
661 4491 819 4566 καθάπερ
873 4493 958 4558 viti,
993 4493 1199 4562 harundini,
1235 4493 1313 4547 libris
1348 4493 1571 4553 similiseefflh·

11 4644 13 4649 Ι
112 4573 279 4649 ἄμπελος·
310 4577 349 4631 τὰ
378 4578 410 4631 δὲ
437 4581 493 4633 καὶ
521 4576 558 4640 ὡς
585 4581 819 4653 περιπίπτειν,
873 4579 1059 4648 multiplex
1095 4580 1233 4634 tunicis
1272 4579 1426 4650 vitibus,
1457 4578 1558 4639 hiliae,

112 4666 192 4718 οἷον
223 4661 433 4739 ἀνδράχνη,
469 4668 606 4739 ρηλέα,
644 4663 820 4740 κόμαρος.
873 4666 998 4733 abieti,
1023 4666 1231 4735 quibusdam
1249 4665 1413 4737 simplex,
1437 4662 1574 4735 utiielfl,

11 4744 20 4789 i
106 4746 211 4804 Ἔστδ
249 4755 269 4805 ἐι
324 4754 384 4805 καὶ
423 4758 488 4806 τῶν
526 4757 589 4823 μὲν
627 4751 820 4826 σαρκώδης
873 4753 1072 4806 harundini.
