3292 5436
865 188 907 251 70

217 398 242 448 3.
278 389 379 447 Γίνεται
399 393 434 455 δέ,
456 386 535 467 ὅταν
555 392 744 465 ἐπομβρίας
762 413 856 465 γενο-

61 542 63 546 ,
149 482 253 552 μένης
278 481 445 552 διεμμένη
470 477 505 531 τὸ
531 473 615 551 ὕδωρ
644 479 754 539 διετὲς
781 478 856 534 τού-

153 564 334 642 λοίχιστον,
371 569 427 620 καὶ
459 565 584 620 πλείων
614 568 671 619 καὶ
699 567 856 621 καλλίων.

149 651 280 708 Τούτου
307 655 341 708 δὲ
360 651 505 725 μάλιστα
530 649 784 723 μνημονεύουσι
806 675 886 733 γε·ν

148 737 289 812 γονύτος
316 746 368 794 τῶν
395 735 500 813 ὕστερον
525 735 627 813 χρόνων
654 733 709 793 ὅτε
734 743 856 813 συνέβη

148 825 187 882 τὰ
217 829 293 899 περὶ
325 825 554 900 Χαιρώνειαν·
591 824 641 898 πρὸ
678 824 778 880 τούτων
808 826 855 900 γὰρ

150 915 249 987 έφασαν
269 915 315 985 ἔτη
334 914 415 967 πλείω
429 911 589 984 βαθυνίήναι
601 911 650 985 τὴν
663 913 755 986 λίμνην
765 913 856 986 χμετὰ

149 1001 280 1054 δὲταῦτα
300 997 413 1073 ὕστερον,
434 996 467 1059 ὡς
486 996 602 1069 ὃλοιμὸς
620 1001 722 1071 ἐγένετο
737 1001 855 1074 σφοδρὸς,

150 1088 300 1160 πλησθῆναι
330 1089 376 1158 μὲν
407 1081 504 1159 αὐτὴν,
536 1082 565 1140 ού
594 1087 727 1158 μείναντος
754 1089 782 1141 δὲ
808 1092 854 1142 τοῦ

150 1169 252 1237 ὕδατος,
273 1170 330 1228 ἀλλ’
343 1169 523 1232 ἐκλελοιπότος
542 1177 670 1247 χειμῶνος
689 1170 719 1227 ού
736 1176 855 1245 γενέσθαι

148 1258 191 1314 τὸν
210 1258 337 1331 κάλαμον.

253 1399 356 1464 Mirus
387 1401 439 1463 hic
468 1400 633 1464 dissensus
664 1405 712 1463 est
740 1401 826 1463 inter
848 1399 991 1463 Plinium
1016 1407 1046 1463 et
1068 1400 1326 1483 Theophrastum.
1372 1388 1601 1487 Theophrastus

154 1505 232 1567 dicit
262 1505 332 1584 „id‚
364 1504 450 1587 quod
481 1503 630 1566 nonnulli
662 1504 861 1586 contendunt
890 1504 973 1566 hanc
1000 1505 1213 1567 harundinem
1243 1524 1330 1568 nono
1362 1525 1493 1589 quoque
1524 1527 1602 1571 anno

149 1609 250 1689 nasci,
283 1609 402 1671 falsum
419 1614 497 1683 ¹est;
533 1608 694 1671 enascitur
724 1610 811 1672 enim
840 1609 874 1670 in
905 1613 1008 1671 totum
1039 1614 1132 1671 aucto
1163 1608 1248 1671 lacu.
1294 1608 1356 1672 Sed
1389 1613 1545 1692 quoniam
1574 1612 1602 1674 id

149 1713 253 1795 priore
276 1717 416 1794 tempore
438 1711 507 1774 fieri
530 1711 699 1775 videbatur
728 1712 931 1794 potissimum
953 1730 1039 1774 nono
1064 1730 1194 1795 quoque
1221 1731 1318 1791 anno,
1348 1719 1453 1776 ortum
1479 1734 1604 1798 quoque

150 1816 342 1878 harundinis
365 1816 452 1878 hunc
476 1834 546 1880 esse
565 1816 736 1896 credidere,
759 1824 911 1879 eventum
926 1814 1095 1879 fortuitum
1111 1835 1166 1899 pro
1183 1816 1293 1879 ordine
1310 1824 1394 1879 certo
1411 1818 1604 1900 captantes“.

150 1912 278 1983 Plinius
308 1932 418 1984 contra
449 1921 542 1983 dicit:
577 1939 681 2000 „nono
714 1921 765 1982 hic
794 1939 878 1982 anno
907 1919 1116 1998 nascebatur;
1146 1938 1221 1981 nam
1245 1926 1276 1984 et
1297 1921 1387 1983 lacus
1410 1921 1603 1987 incrementa

148 2024 208 2087 hoc
231 2026 383 2107 temporis
407 2025 508 2107 spatio
532 2024 708 2105 servabat‘,
738 2025 782 2086 ita
806 2029 841 2087 ut
864 2042 911 2104 ea,
942 2043 1024 2106 quae
1047 2020 1281 2105 Theophrastus
1309 2025 1389 2088 falsa
1418 2044 1490 2089 esse
1521 2025 1602 2105 dicit,

147 2147 212 2210 pro
228 2133 314 2192 certo
338 2128 519 2191 contendat.
566 2127 661 2192 Unde
683 2128 761 2190 haec
784 2127 946 2209 sumpsit?
980 2147 1021 2190 an
1045 2146 1087 2190 ex
1109 2128 1160 2208 ile,
1185 2146 1267 2209 quos
1288 2128 1525 2212 Theophrastus
1548 2131 1601 2194 hoc

149 2232 341 2295 contendere
365 2232 465 2317 dicit?
507 2231 641 2294 Minime
664 2235 753 2314 puto,
776 2249 851 2293 nam
874 2231 944 2311 hos,
968 2232 1128 2313 quinum
1152 2233 1284 2294 omnino
1309 2231 1468 2321 derebus
1491 2235 1601 2318 phyto

149 2335 263 2416 logicis
299 2337 501 2418 scripserint,
542 2333 673 2415 dubito,
715 2340 789 2397 ante
821 2333 1072 2418 Theophrastum
1106 2336 1227 2398 vixisse
1262 2336 1392 2419 adparet
1425 2341 1458 2400 et
1491 2338 1598 2400 horum

150 2441 341 2503 sententiam
380 2438 524 2514 Plinium
562 2438 776 2522 Theophrasto
822 2439 967 2518 neglecto
1005 2439 1174 2502 tradidisse
1211 2459 1278 2502 non
1315 2440 1489 2504 verisimile
1527 2441 1599 2505 mihi

148 2538 285 2606 videtur.
331 2543 490 2626 Equidem
523 2549 601 2626 puto
625 2541 768 2605 Plinium
798 2543 850 2605 hio
872 2541 1085 2626 Theophrasto
1117 2563 1213 2607 usum
1245 2563 1325 2624 esse,
1356 2545 1412 2608 sed
1435 2545 1600 2628 neglegen·
1635 2588 1638 2623 ÷

148 2647 272 2710 tissime
296 2666 432 2730 eamque
455 2646 494 2709 ob
517 2666 585 2710 rem
608 2647 745 2728 pessime
768 2647 838 2709 eius
859 2645 956 2710 verba
972 2646 1178 2710 intellexisse.
1225 2647 1274 2711 Ne
1296 2667 1333 2711 ea
1357 2649 1499 2731 quidem,
1523 2665 1596 2731 quae
1634 2630 1638 2657 ⁴

150 2756 314 2832 secuntur,
337 2751 459 2834 liquide
483 2750 591 2813 fluunt
614 2768 721 2831 neque
743 2748 850 2812 verbis
872 2750 1076 2832 Theophrasti
1101 2770 1166 2813 non
1191 2751 1324 2815 conlatis
1347 2751 1439 2815 facile
1462 2750 1595 2834 intellegi

148 2860 294 2936 possunt.
343 2854 507 2935 „infausto
534 2853 799 2916 Atheniensium“
824 2852 952 2917 Plinius
974 2855 1043 2945 ipse
1066 2854 1192 2918 adiecit.

218 3025 266 3092 IV,
288 3030 328 3092 11,
348 3031 372 3085 8.
410 3025 507 3082 Φύεται
525 3030 552 3082 δὲ
566 3029 685 3088 πλεῖστος
698 3029 744 3098 μὲν
758 3025 854 3099 μεταξὺ
977 3029 1093 3083 Lebadia
1110 3030 1222 3082 vocatur
1239 3028 1368 3082 influente
1386 3030 1509 3098 Cephiso.

148 3118 195 3168 τοῦ
224 3111 345 3187 Κηφισοῦ
373 3117 418 3168 καί
445 3121 491 3170 τοῦ
519 3113 654 3175 Μέλανος·
683 3109 758 3174 οὖτος
786 3115 814 3168 δὲ
841 3111 854 3168 ὃ
1099 3110 1100 3113 ¹

150 3198 231 3260 τύπος
243 3198 463 3273 προσαγορεύεται
473 3201 631 3256 Πελεκανία·
644 3199 738 3256 τούτου
751 3197 775 3254 δ’
788 3202 854 3255 ἔστιν

149 3282 216 3341 ἄττα
230 3284 330 3360 Χύτροι
348 3285 504 3359 καλούμενοι
522 3286 677 3361 βαθύσματα
694 3293 742 3361 τῆς
755 3290 854 3362 λίμνης,

150 3374 177 3444 έν
191 3375 228 3433 οἷς
239 3371 376 3428 κάλλιστόν
388 3395 449 3448 φασι
461 3375 589 3451 pileatus
603 3375 716 3448 γίνεσθαι
731 3377 759 3430 δὲ
770 3377 815 3429 καί
825 3370 863 3429 οὗ,

148 3459 167 3532 ἡ
195 3459 327 3534 Προβατία
354 3463 503 3536 καλουμένη
531 3465 715 3537 καταφέρεται.
769 3460 853 3515 Τοῦτο

100 3618 102 3622 .
149 3543 241 3602 δ’έστὶ
264 3548 381 3621 ποταμὸς
405 3551 471 3622 ῥέων
496 3551 526 3603 έκ
544 3547 680 3621 Λεβαδίας.
716 3545 854 3607 κάλλιστος

149 3636 178 3689 δὲ
211 3636 283 3690 δοκεῖ
310 3633 415 3690 πάντων
445 3635 559 3708 γίνεσθαι
588 3637 647 3708 περὶ
674 3633 722 3706 τὴν
751 3631 853 3706 ’illatus

149 3723 314 3794 καλουμένην
338 3720 469 3794 Kaperla-
496 3720 509 3777 ὃ
534 3723 562 3776 δὲ
583 3719 663 3781 τύπος
687 3717 761 3781 οὗτός
786 3722 853 3775 ἐστιν

150 3808 248 3882 ἐμβολὴ
273 3814 320 3863 τοῦ
345 3807 475 3882 Κηφισοῦ.
512 3807 612 3880 Γειτνιᾷ
635 3804 658 3862 δ’
674 3804 745 3880 αύτῷ
766 3809 853 3862 πεδίον

150 3892 257 3967 εύγειον,
277 3892 291 3951 h
309 3893 543 3969 προσαγορεύουσιν
559 3892 670 3948 Ἱππίαν.

220 4005 246 4058 9.
291 3998 454 4074 ίΙρύσβορρος
485 4001 512 4054 δὲ
538 3997 617 4060 τύπος
645 3995 723 4058 ἄλλος
750 4004 799 4071 τῆς
825 4019 854 4052 τε

148 4081 251 4147 Ὀξείας
269 4085 384 4159 Καμπής
403 4089 478 4150 ἐστιν,
498 4082 525 4140 hu
545 4086 652 4140 καλοῦσι
671 4085 810 4159 Βοηδρίαν.

258 4227 349 4290 Certe
382 4235 529 4310 corrupta
560 4233 636 4290 sunt
665 4227 773 4309 verba,
806 4246 889 4310 quae
919 4227 1044 4290 codices
1072 4227 1214 4289 Pliniani
1244 4226 1384 4289 tradunt.
1440 4225 1540 4289 Ianus
1566 4220 1591 4282 iu

110 4374 112 4379 -
151 4350 221 4413 pag.
254 4329 335 4392 VllI
374 4332 578 4414 praefationis
608 4333 736 4394 criticae
768 4331 846 4394 dicit
876 4332 1066 4414 comparatis
1096 4329 1202 4395 verbis
1232 4321 1437 4413 Theophrasti
1470 4331 1517 4392 sic
1545 4326 1593 4390 fere

151 4435 254 4498 videri
280 4423 437 4498 Plinium*
455 4437 634 4519 scripsisse:
673 4433 841 4517 „Lebadia
872 4435 958 4498 unde
987 4434 1116 4517 profluit
1146 4433 1294 4497 Probatia
1325 4432 1463 4514 fluvius,
1492 4432 1594 4519 profert

154 4558 236 4620 eam,
259 4538 511 4604 laudatissimam
527 4540 706 4603 inundatus
722 4558 866 4622 campus,
891 4541 947 4621 qui
963 4539 1099 4602 Boedria
1117 4544 1249 4601 vocatur
1264 4536 1420 4601 influente
1440 4535 1596 4622 Cephiso‘.

154 4642 244 4707 Certe
275 4643 337 4707 tale
365 4644 488 4727 aliquid
518 4646 678 4708 exstitisse
710 4642 813 4725 debet,
842 4642 896 4707 sed
925 4642 1045 4726 quibus
1074 4642 1179 4707 verbis
1203 4643 1331 4707 Plinius
1360 4641 1400 4705 ad
1432 4642 1514 4707 haec
1543 4658 1602 4728 pro·

153 4747 333 4810 nuntianda
356 4750 397 4812 sit
420 4768 509 4830 usus,
531 4768 587 4832 pro
610 4754 695 4812 certo
720 4749 782 4811 dici
805 4767 869 4810 non
893 4753 1005 4831 potest.
1371 4756 1373 4760 '
