3292 5436
782 113 823 179 57

176 314 267 393 Quae
294 319 329 381 in
358 338 481 403 paragr.
507 319 571 386 132
604 320 730 384 Plinius
760 319 860 386 adfert
889 324 1047 408 exempla,
1081 324 1191 388 omnia
1224 331 1351 408 sumpta
1382 329 1459 388 sunt
1489 343 1534 389 ex

62 420 208 485 historia
228 421 393 505 Romana,
416 425 502 508 apud
527 422 779 509 Theophrastum
801 426 901 508 igitur
923 433 1049 494 exstare
1071 448 1138 493 non
1161 434 1308 511 possunt,
1340 428 1395 493 sed
1419 427 1537 493 Latino

61 526 195 589 auctori
218 526 384 594 debentur.

176 627 267 706 Quae
298 632 335 694 in
365 652 487 718 paragr.
512 631 576 698 133
606 631 735 697 Plinius
769 633 904 718 disserit,
939 638 1081 701 maxima
1120 656 1161 700 611
1195 640 1284 720 parte
1318 656 1393 699 cum
1427 635 1538 700 verbis
1643 676 1645 681 ·

70 733 282 818 Theophrasti
304 742 504 820 congruunt,
529 737 585 802 sed
607 737 775 820 platanum
790 740 950 804 Antandri
973 743 1164 825 prociduam
1180 740 1414 824 Theophrastus
1436 739 1538 804 tradit

67 838 215 903 altiorem
238 838 340 905 fnisse
363 860 461 923 quam
483 842 594 906 decem
618 840 737 924 cubita,
760 842 888 907 Plinius
912 846 1098 928 quindecim
1117 845 1226 909 cubita
1242 844 1346 909 altam.
1394 843 1457 908 Sed
1472 845 1532 907 hac

68 960 113 1006 ex
136 961 183 1024 re,
206 963 280 1007 cum
304 948 408 1009 cetera
430 950 620 1029 congruant,
644 947 722 1010 certi
745 947 920 1031 quicquam
943 951 1137 1015 concludere
1164 969 1229 1013 non
1253 949 1365 1014 audeo.

175 1046 239 1112 Sed
261 1067 413 1132 magnam
438 1050 656 1134 suspicionem
670 1051 750 1113 mihi
766 1053 884 1116 excitat
898 1072 1021 1136 paragr.
1037 1054 1107 1118 131.
1156 1053 1317 1137 Equidem
1341 1053 1537 1117 contendere

65 1151 192 1234 malim,
216 1152 294 1216 haec
318 1156 471 1218 continua
494 1174 535 1218 611
559 1174 626 1217 11116
650 1159 779 1218 auctore
800 1155 944 1220 Plinium
968 1177 1038 1222 esse
1060 1162 1255 1222 mutuatum.

134 1252 172 1320 II,
201 1258 225 1321 l,
253 1260 277 1313 1.
322 1256 355 1309 Αί
382 1259 493 1328 χενέσεις
519 1263 568 1312 τῶν
594 1258 705 1330 δένδρων
730 1259 775 1311 καὶ
897 1259 913 1325 β
933 1264 990 1318 134,
1027 1261 1152 1328 arborea,
1171 1274 1237 1328 quas
1255 1260 1364 1313 naturae
1380 1258 1536 1324 debeamuS,

67 1335 136 1401 ὅλως
154 1347 204 1396 τῶν
224 1347 309 1416 φυτῶν
327 1339 502 1415 delatarum
519 1341 537 1416 ἢ
557 1341 608 1399 ἀπὸ
627 1347 774 1418 σπέρματος
826 1345 916 1399 11111116
940 1346 1028 1400 modis
1052 1348 1208 1412 nascuntur,
1237 1349 1331 1414 sponte
1357 1347 1404 1399 aut
1430 1344 1535 1398 semine

63 1423 156 1499 ἢάπδ
177 1429 249 1501 ῥίζης
272 1425 290 1503 ἤ
310 1426 361 1484 ἀπὸ
386 1428 555 1504 παραστάδας
579 1428 596 1503 ἢ
621 1428 673 1486 ἀπὸ
699 1428 774 1504 ἀκρε-
826 1434 874 1485 6111
891 1433 924 1486 ab
941 1433 1041 1487 radice.
1077 1450 1141 1487 cura
1163 1434 1331 1488 numerosior
1353 1432 1472 1500 exsistit,
1500 1431 1536 1484 de

66 1512 149 1586 μόνος
167 1511 184 1587 ἢ
205 1514 256 1570 απὸ
271 1517 371 1578 κλωνδς
389 1514 406 1590 ἢ
424 1515 469 1572 ἀπ’
483 1515 622 1573 αὐτοῦτοῦ
636 1521 775 1594 στελέχους
828 1535 881 1587 qua
898 1535 948 1575 suo
966 1520 1088 1574 dicemus
1107 1519 1254 1575 uolumine.
1284 1536 1356 1574 nunc
1374 1519 1447 1573 enim
1458 1520 1537 1572 totus-

64 1602 130 1656 εἰσὶν
149 1597 169 1674 ἢ
187 1603 224 1657 ἔτι
241 1609 289 1657 τοῦ
308 1601 385 1664 ξύλου
404 1609 599 1666 κατακοπέντας
624 1607 660 1665 είς
679 1603 773 1679 μικρά·
826 1621 913 1660 6611116
938 1607 1083 1661 denatura
1110 1608 1152 1662 est
1168 1607 1264 1663 multis
1289 1606 1377 1661 modis
1400 1605 1537 1674 mirisque

62 1690 111 1742 οιαὶ
129 1687 178 1763 χάρ
199 1685 282 1749 οὕτως
300 1691 355 1744 ἔνια
374 1689 475 1765 φύεται.
518 1691 624 1746 Τοι11ων
644 1694 672 1746 δὲ
690 1689 707 1764 ἠ
727 1694 773 1763 μὲν
826 1693 1001 1747 memorabili.
1038 1710 1153 1762 namque
1178 1709 1230 1747 non
1255 1693 1390 1747 6111616111
1408 1692 1535 1746 omnibns

66 1772 217 1848 αὐτόματος
229 1774 319 1849 πράνιη
332 1798 384 1837 τις·
404 1779 430 1833 αἱ
449 1780 477 1834 δὲ
496 1777 547 1834 ἀπὸ
560 1783 708 1853 σπέρματος
730 1780 775 1832 καὶ
825 1779 894 1835 16616
920 1780 996 1834 nasci
1024 1781 1066 1849 (61.
1094 1780 1173 1849 Verg.
1201 1779 1293 1855 Georg.
1319 1778 1355 1846 Il,
1386 1784 1451 1838 109:
1483 1795 1534 1834 nec

64 1865 141 1936 ῥίζης
160 1860 336 1938 φυσικώτατον
353 1863 448 1926 δόξειεν
463 1861 507 1921 ἀν·
527 1863 612 1940 ὥσπερ
631 1865 679 1939 γὰρ
699 1861 775 1920 αὐτό·
826 1883 889 1921 vero
916 1870 1009 1922 ,161166
1045 1869 1112 1920 16116
1151 1883 1241 1921 6111666
1280 1866 1369 1921 omnia
1399 1868 1538 1934 possunt.)

64 1970 148 2022 ματοι
172 1952 218 2004 καὶ
236 1946 321 2005 αὐταί.
357 1949 403 2006 Διὸ
427 1955 549 2014 καὶτοῖς
574 1951 671 2027 ἀχρίοις
694 1948 774 2024 ΙΒιιάρ-
827 1954 984 2020 1166616166,
1012 1971 1061 2008 1166
1089 1952 1217 2008 translata
1246 1953 1346 2006 vivere.
1390 1952 1442 2006 hoe
1465 1951 1537 2006 alias
1589 1988 1591 2005 .

63 2057 173 2112 χουσιν·
192 2038 219 2092 αἱ
237 2039 265 2092 δὲ
284 2034 361 2093 ἀλλαι
378 2041 474 2115 τέχνης
492 2035 510 2112 ἤ
528 2042 711 2114 προαιρέσεως.
826 2041 942 2109 fastidio,
960 2041 1026 2095 alias
1037 2041 1213 2106 contumacia,
1228 2040 1336 2108 saepius
1345 2038 1532 2092 imbecillitate

135 2121 173 2191 11,
195 2127 220 2192 2,
244 2129 291 2183 10:
320 2126 391 2198 εἴπερ
417 2123 480 2200 μηδ’
493 2122 560 2188 ὅλως
585 2124 774 2200 ἔνιαράεσθαι
826 2145 919 2182 eorum
945 2145 1012 2197 quae
1037 2128 1230 2182 transferantur
1247 2127 1346 2192 evenit,
1370 2124 1436 2180 alias
1461 2125 1537 2179 caelo

62 2211 139 2267 θέλει
158 2210 358 2284 μεταβάλλοντα
375 2213 436 2274 τοὺς
454 2211 557 2274 τόσους.
827 2215 975 2282 invidente,
994 2215 1060 2269 alias
1079 2215 1137 2270 solo
1155 2216 1328 2282 repugnante.

133 2297 186 2365 IX,
210 2303 235 2366 6,
261 2306 285 2358 1.
325 2299 355 2354 τὸ
385 2301 412 2354 δὲ
440 2297 574 2373 βάλσαμον
602 2302 698 2371 γίνεται
727 2303 773 2371 μὲν
898 2305 913 2374 §
944 2307 1001 2359 135.
1048 2302 1165 2355 Fastidit
1192 2300 1340 2354 balsamum
1367 2299 1432 2353 alibi
1458 2299 1533 2353 nasei

66 2384 96 2439 ἐν
115 2389 155 2456 τῷ
169 2381 265 2440 αὐλῶνι
280 2390 320 2457 τῷ
333 2387 393 2459 περὶ
410 2385 512 2460 Συρίαν.
827 2387 882 2441 nisi
900 2389 929 2441 in
947 2387 1053 2454 Iudaea,
1072 2393 1132 2441 tura
1149 2387 1204 2441 nisi
1222 2388 1252 2439 in
1270 2387 1368 2440 Arabia
1395 2388 1438 2455 (cl.
1457 2386 1535 2441 Silli-

135 2476 161 2529 4.
198 2467 286 2546 ἇχρων
301 2474 329 2528 δὲ
341 2469 416 2527 οὐδὲν
430 2475 494 2528 εἶναι
505 2471 638 2546 βάλσαμον
650 2471 773 2546 οὐδαμοῦ.
826 2475 901 2542 glum
924 2474 957 2527 ad
984 2474 1056 2529 hunc
1080 2473 1189 2543 locum),
1217 2474 1330 2541 Assyria
1355 2472 1441 2527 malus
1465 2473 1533 2529 alibi

134 2555 184 2627 IV,
207 2563 233 2626 4,
256 2562 281 2614 2.
317 2561 363 2614 aut
388 2561 470 2613 ἔοικεν
496 2556 561 2621 ὅλως
587 2557 600 2614 δ
624 2560 687 2634 πρὸς
712 2557 774 2614 ἀνα·
826 2561 901 2615 ferre.

60 2642 144 2705 τολάς
162 2647 209 2699 καὶ
227 2646 389 2720 μεσημβρίαν
410 2641 493 2721 ὥσπερ
512 2649 557 2701 καὶ
576 2650 628 2719 ζῷα
646 2647 774 2722 autperti

59 2735 153 2807 φέρειν
172 2731 226 2786 ἴδια
243 2731 316 2806 παρὰ
329 2731 390 2793 τοὺς
409 2728 516 2793 ἀλλους·
537 2735 590 2788 οἷον
609 2731 627 2807 ἥ
645 2755 674 2789 τε
693 2736 774 2806 μηδία

60 2816 139 2894 χώρα
163 2821 208 2872 καὶ
231 2817 324 2893 Περσίς
349 2815 416 2874 ἀλλα
440 2841 469 2874 τε
494 2821 548 2895 ἔχει
572 2823 654 2876 πλείω
678 2825 722 2877 καὶ
743 2821 773 2876 τδ

61 2907 150 2979 μῆλον
175 2904 207 2960 ab
231 2904 340 2979 μηδικδν
364 2902 382 2979 ἢ
406 2905 436 2960 τὸ
454 2906 576 2981 περσικὸν
602 2906 772 2980 καλούμενον.
1123 2975 1127 2980 .

134 2991 187 3060 Ill,
206 2996 232 3060 3,
251 2997 282 3050 5:
308 2989 321 3047 δ
341 2994 369 3048 δὲ
388 2994 468 3068 φοῖνιξ
487 2997 545 3068 περὶ
564 2998 610 3066 μὲν
629 2994 773 3066 Βαβυλῶνα
895 3008 945 3047 nec
968 3009 1021 3046 non
1039 2995 1066 3046 et
1083 2993 1172 3060 palma
1189 2993 1291 3062 ubique
1315 2995 1391 3048 nasci
1408 2997 1455 3048 aut
1472 2997 1537 3048 nata

60 3077 225 3151 θαυμαστὸς,
250 3080 277 3135 ἐν
302 3081 330 3134 δὲ
347 3085 381 3155 τῇ
396 3078 504 3136 Ἑλλάδι
529 3077 589 3135 οὐδὲ
613 3083 772 3145 πεπαίνεται,
825 3096 924 3147 parere,
949 3078 993 3134 vel
1019 3096 1081 3133 oum
1099 3079 1223 3148 promisit
1247 3080 1329 3133 etiam
1352 3082 1536 3150 ostenditque,

49 3162 126 3245 παρ’
142 3166 219 3231 ἐνίοις
240 3167 268 3221 δέ
286 3162 353 3227 ὅλως
371 3164 432 3222 οὐδὲ
449 3169 587 3241 προφαίνει
604 3166 713 3241 καρπόν.
826 3167 947 3234 educare,
966 3171 1105 3234 tamquam
1122 3167 1210 3220 invita
1228 3167 1370 3235 pepererit.

133 3250 185 3320 IX,
203 3257 230 3320 4,
248 3257 273 3311 2.
309 3254 406 3326 pluerat
425 3257 471 3325 μὲν
491 3250 536 3308 οὖν
556 3251 569 3308 δ
589 3255 691 3326 λίβανος
893 3270 946 3307 non
964 3253 1045 3306 habet
1062 3253 1130 3307 viris
1148 3254 1237 3307 frutex
1256 3254 1374 3307 cinnami
1393 3253 1422 3307 in
1434 3254 1530 3323 Syriae

56 3342 108 3395 καὶ
140 3340 178 3394 ἔτι
206 3339 237 3395 τὸ
267 3338 415 3413 κινάνωμον
452 3342 479 3394 ἐν
509 3346 542 3415 τῇ
573 3347 623 3396 τῶν
656 3338 771 3414 Ἀράβων
825 3340 916 3395 vicina
934 3340 1118 3409 perveniendi.

59 3422 234 3502 χερρονήσῳ,
262 3428 321 3500 περί
344 3447 373 3481 τε
397 3425 471 3499 Σαβὰ
494 3430 538 3482 καὶ
560 3424 705 3503 Ἀδραμότα
728 3431 774 3484 καὶ

56 3511 201 3584 Κιτίβαινα
219 3515 264 3568 καὶ
282 3511 401 3586 Μαμάλι.
632 3570 636 3579 ,

131 3597 183 3667 ΙΧ,
203 3604 228 3668 7,
246 3604 270 3670 2.
308 3600 338 3655 τὸ
357 3602 385 3656 δὲ
403 3600 582 3675 καρδάμωμον
601 3598 772 3675 antipapae
895 3616 947 3654 11611
971 3600 1060 3653 ferunt
1082 3600 1180 3654 amomi
1202 3601 1332 3669 nardique
1351 3600 1472 3669 deliciae,
1497 3616 1533 3655 ne

54 3689 151 3760 οἱμὲν
178 3687 208 3740 ὲκ
225 3684 338 3760 Μηδίας,
364 3690 388 3742 ot
412 3690 440 3742 δὲ
465 3688 491 3750 ἐξ
509 3687 594 3743 Ἰνδῶν
619 3692 664 3743 καί
687 3695 770 3743 ταῦτα
825 3689 854 3741 in
872 3687 997 3741 Arabiam
1022 3686 1140 3755 quidem,
1167 3704 1202 3740 ex
1226 3687 1303 3742 India
1320 3690 1348 3742 61
1364 3705 1432 3743 nave
1450 3704 1528 3757 pere·

53 3776 102 3830 καὶ
121 3771 172 3846 τήν
184 3770 283 3848 ννάρδον
302 3777 347 3829 καὶ
365 3771 448 3829 τᾶλλα
467 3771 484 3848 ἢ
502 3775 536 3829 τδι
556 3777 672 3830 πλεῖστα,
822 3773 929 3842 grinari.
965 3773 1108 3841 temptavit
1126 3777 1199 3828 enim
1218 3775 1347 3829 Seleucus
1366 3792 1421 3828 rex,

165 3877 237 3944 Has
271 3882 487 3964 paragraphus
530 3900 595 3944 non
651 3900 693 3944 ex
729 3880 962 3965 Theophrasto,
1005 3881 1060 3944 sed
1103 3881 1233 3945 aliunde
1275 3887 1420 3964 sumptas
1463 3901 1535 3947 esse

52 3984 203 4068 adparet.

169 4084 258 4163 Quae
280 4087 408 4152 Plinius
432 4087 510 4151 dicit
532 4089 566 4151 in
590 4109 712 4174 paragr.
732 4091 805 4172 136,
829 4089 915 4172 apud
937 4087 1191 4172 Theophrastum
1215 4109 1281 4153 non
1304 4097 1442 4155 exstant.

128 4204 179 4274 IV,
200 4211 226 4275 5,
244 4211 270 4266 2.
307 4203 411 4262 ἀλλ’έν
435 4213 507 4267 τοῖς
531 4204 701 4270 ἀλεειναῖς
725 4212 769 4265 καὶ
892 4211 907 4277 ἓ
935 4212 993 4266 137.
1038 4207 1109 4261 1111111
1136 4225 1267 4277 proxume
1294 4210 1402 4276 mirum,
1430 4211 1528 4265 mutari

50 4302 110 4356 τοῖς
139 4292 205 4369 πρὸς
233 4295 405 4369 μεσημβρίαν,
433 4290 516 4368 ὥσπερ
543 4291 706 4368 ἀντικείμενα
732 4296 770 4351 τὰ
822 4297 943 4350 naturam
970 4296 999 4347 in
1026 4296 1125 4350 iisdem
1158 4299 1238 4365 atque
1264 4296 1404 4365 inproviso
1431 4297 1527 4351 valere.

52 4379 175 4455 εὐώδη.
215 4374 327 4456 Ἔχουσι
363 4383 463 4436 δὲκαὶ
489 4380 536 4454 τὴν
564 4380 720 4457 κυπάριττον
746 4385 769 4438 ot
823 4384 959 4437 cedrum
981 4383 1162 4438 aestuosis
1186 4385 1350 4452 partibus
1374 4385 1535 4453 dederat,

55 4467 769 4545 ἀλεεινοὶμᾶλλον....κέδρυνδέκαὶτδιθρᾴνιια
822 4472 855 4524 61
888 4471 917 4523 111
947 4470 1042 4539 Lyciis
1072 4470 1313 4539 Phrygiisque
1349 4470 1533 4524 montibus

53 4552 411 4632 ὄρηκαίτάΦράχια.
822 4557 988 4611 nascitur.
1048 4557 1161 4626 frigus
1204 4557 1388 4611 inimicum
1430 4557 1531 4611 lauro

129 4642 193 4710 §a
230 4640 296 4696 Τῶν
319 4643 357 4696 ’δὲ
381 4639 625 4717 ἠμερουμένων
650 4639 770 4715 ἥκιστά
822 4644 936 4710 1666161,
981 4644 1029 4698 sed
1072 4644 1107 4697 in
1153 4644 1303 4714 Olympo
1348 4644 1534 4712 eopiosior
1626 4723 1627 4726 Ἴ

52 4727 768 4806 φασινἑντοῖςψυχροῖςὑπομένεινδοίφνην
822 4730 896 4784 1111116
914 4733 962 4784 est.
