3292 5436
787 103 828 166 23

67 308 374 384 γλυκυτέραν,καὶ
392 308 427 362 τὸ
448 303 524 363 ύλον
544 305 780 381 εὐωδεστέραν
834 309 966 363 coctam
984 310 1097 361 autom
1120 307 1235 362 minus
1257 308 1351 376 picis
1375 306 1557 383 reddere,¹

68 396 195 470 ὠμὴν,
221 396 409 469 ἑψηθεῖσαν
437 397 470 449 δὲ
499 394 628 449 ἐλάττω
664 395 778 467 caput·
835 395 993 463 quoniam
1017 394 1050 446 in
1069 394 1309 462 sernmabeat,
1333 392 1535 447 tenuiores-

69 506 159 541 σειν·
179 485 261 537 πλείω
279 480 339 555 γὰρ
360 483 451 556 ἔχειν
470 481 525 536 τὸν
545 477 657 555 ὄρρον·
680 480 718 535 διὸ
736 484 781 534 καὶ
834 496 896 549 que
914 496 975 534 esse
994 480 1066 548 ipsas
1084 479 1189 534 arbores
1211 497 1291 549 quam
1314 481 1343 533 in
1367 480 1463 548 planis,
1487 479 1534 531 sed

71 572 286 643 λεπτοτέραν
311 565 517 629 εἶναι....Ὣς
535 569 562 623 δὲ
586 567 674 630 διπλόη
692 570 779 631 εἰπεῖν,
833 567 881 620 has
917 571 944 620 et
985 567 1045 621 illas
1088 567 1280 620 serenitate
1322 565 1533 621 steriliores

70 653 779 730 ἐκτῆςῖσηςδᾳδὸςπλείω....ηίνεσθαι
832 653 995 708 Fructum
1039 656 1200 722 quaedem
1245 653 1399 722 proximo
1445 668 1533 706 enno

153 746 191 798 ἐκ
207 749 267 796 τῶν
366 742 553 796 relocatum
578 739 688 796 τόπων
706 737 723 813 ἢ
743 742 779 794 ἐκ
830 739 870 794 eb
888 739 1010 794 incisu
1028 739 1245 809 largiuntur,
1263 741 1352 794 aliae
1371 738 1532 805 secundo,

65 825 508 887 vechosistiturantisthenis.
831 827 993 895 quaedam
1037 829 1154 882 tertio
1213 827 1376 896 expletur
1418 827 1531 878 autem

143 923 167 974 6.
202 912 493 987 Ἀναπληροῦσθαι
521 916 553 968 δὲ
580 915 713 986 συμβαίνει
740 913 778 967 τὰ
830 913 928 982 plaga
954 914 1083 980 resina,
1117 930 1170 967 non
1196 914 1295 968 cortice
1323 929 1371 967 nec
1398 912 1532 976 cicatrice,
1596 924 1609 929 ·

63 1002 268 1074 -κοιλώματα
297 998 379 1073 πρὸς
413 999 450 1053 τὸ
482 998 580 1054 πάλιν
612 1000 775 1073 ἐξαιρεῖν,
831 1016 897 1067 quae
916 1001 946 1053 in
963 1001 1012 1055 huc
1031 1001 1122 1055 arbore
1140 1003 1301 1056 noncoit.

66 1097 131 1145 των
157 1093 213 1162 μὲν
239 1085 342 1159 ἀγαθῶν
367 1091 467 1140 πευκῶν
491 1087 639 1159 ἐνιαυτῷ,
665 1092 724 1141 τῶν
744 1087 777 1142 δὲ

65 1178 252 1250 μετριωτέρων
266 1176 298 1228 ἐν
319 1175 408 1226 δυσὶν
429 1173 530 1236 ἔτεσι,
549 1179 608 1226 τῶν
627 1175 661 1228 δὲ
675 1177 776 1249 μοχθη-

64 1269 120 1337 ρῶν
149 1264 181 1316 ἐν
208 1262 328 1334 τρισίν.
360 1256 396 1314 Ἤ
422 1261 455 1314 δὲ
482 1256 717 1332 αἰναπλήρωσις
746 1258 775 1314 ού

63 1353 117 1403 ’τοῦ
138 1346 214 1408 ξύλου
232 1349 277 1402 καὶ
296 1351 344 1419 τῆς
363 1344 516 1421 συμφύσεως
535 1344 601 1400 ἀλλὰ
624 1352 681 1417 τῆς
704 1348 776 1400 πίτ-

67 1456 132 1508 της
151 1435 256 1488 ἐστίν·
275 1434 331 1487 ἐπεὶ
346 1431 382 1487 τὸ
400 1430 495 1494 ξύλον
515 1430 682 1487 αδύνατον
702 1452 775 1504 nup·

64 1528 173 1596 φῦναι
191 1524 235 1576 καὶ
254 1522 280 1575 ἓν
299 1520 413 1593 γίνεσθαι
431 1519 517 1573 πάλιν.

177 1644 267 1727 Certe
290 1644 342 1706 hic
369 1641 603 1725 Theophrastus
631 1646 742 1706 auctor
770 1643 869 1708 Plinii
902 1663 972 1708 esse
1005 1645 1083 1707 mihi
1112 1645 1246 1710 videtur.
1304 1646 1387 1711 Num
1423 1650 1531 1713 omnic

67 1749 167 1833 plane
190 1752 384 1830 congruunt,
409 1748 488 1829 quin
511 1766 693 1830 magnaei<
716 1758 804 1830 parte
827 1749 955 1831 singula
969 1748 1175 1833 Theophrasti
1197 1749 1295 1814 verba
1317 1753 1352 1814 in
1374 1750 1528 1817 Latinum

63 1870 249 1917 sermonem
272 1870 364 1914 verse
387 1855 471 1914 sunt.
518 1848 612 1926 Quod
635 1849 763 1915 Plinius
797 1852 874 1915 dicit
898 1855 1079 1933 „tenuiores
1095 1872 1178 1917 esse
1205 1855 1292 1936 ipsus
1319 1854 1466 1920 arbores“
1491 1877 1529 1922 eo

63 1963 175 2020 ortum
209 1973 279 2018 esse
311 1961 400 2038 pute,
435 1954 521 2037 qnod
554 1952 758 2037 Theophrasti
790 1955 886 2019 rerba
920 1954 983 2032 „aa
1018 1953 1067 2019 καὶ
1102 1956 1275 2043 λεπτοτέραν
1310 1957 1410 2035 eiecit
1446 1981 1529 2043 quae

65 2065 155 2123 certe
189 2058 229 2133 ad
262 2060 365 2143 picem
404 2061 563 2141 pertinent
605 2058 656 2137 (cf.
693 2078 822 2142 quoque
845 2058 903 2140 ΙΙΙ,
925 2060 955 2140 9,
978 2060 1014 2124 2:
1055 2057 1074 2143 ἡ
1106 2058 1201 2124 Ἰδαία
1303 2063 1529 2150 πιττωδέστερον

60 2164 100 2226 τδ
123 2163 248 2248 δένδρον,
272 2161 435 2247 μελαντέρα
457 2186 488 2225 τε
511 2159 561 2224 καὶ
584 2162 745 2247 γλυκυτέρα
771 2161 820 2226 καὶ
843 2163 1001 2249 λεπτοτέρα
1024 2161 1074 2228 καὶ
1098 2163 1288 2251 εύωδεστὲρᾳ,
1319 2162 1388 2230 ὅταν
1411 2163 1431 2254 ᾖ
1454 2166 1529 2254 ὠμὴ,

61 2269 215 2353 ἑψηθεῖσοι
244 2265 278 2330 δὲ
308 2265 417 2354 χείρων
447 2263 584 2351 ἐκβαίνει,
616 2265 664 2328 διὰ
691 2266 724 2329 τδ
753 2266 844 2329 πολύν
873 2266 952 2352 ἔχειν
980 2268 1028 2331 τὸν
1056 2264 1162 2355 ὄρρον),
1196 2271 1275 2334 falso
1309 2271 1348 2334 ad
1384 2273 1529 2339 arborem

63 2374 169 2455 ipsam
199 2373 330 2435 rettulit.

137 2511 283 2574 111‚10,2.
310 2505 370 2579 ἠδ’
391 2504 672 2580 ἐκτής”Ιὸης(εο.
692 2507 775 2585 μίλος)
899 2509 973 2576 §62
1007 2509 1196 2577 ecquidem
1215 2509 1265 2578 (sc.
1284 2512 1423 2581 fraxinus),
1442 2529 1528 2582 quae

61 2586 160 2656 Ιξανθὸν
180 2593 287 2669 σφόδρα,
306 2597 351 2648 καὶ
369 2593 487 2666 ὅμοιον
512 2600 550 2668 τη
575 2595 698 2667 κε’δριρ·
724 2592 775 2647 διὸ
828 2594 872 2647 fit
897 2593 1184 2664 initiamentis,
1208 2596 1242 2649 in
1267 2600 1401 2652 tantum
1425 2599 1528 2654 codro

63 2683 112 2735 παὶ
135 2680 213 2742 τοὺς
235 2678 436 2741 πωλοῦντας
461 2702 559 2755 φασιν
585 2680 772 2743 ἐξαπατᾶν,
828 2680 974 2748 similis,
1010 2684 1046 2735 ut
1081 2683 1225 2737 ementis
1260 2684 1361 2738 fallat
1391 2685 1527 2741 cortica

62 2765 100 2828 ὡς
118 2769 211 2841 κέδρον
229 2769 396 2830 πωλοῦντας·
421 2773 471 2822 πᾶν
496 2768 543 2841 γὰρ
569 2768 633 2821 εἶναι
656 2768 771 2840 καρδίαν,
824 2767 948 2822 ablato.

61 2849 147 2908 ὅταν
167 2850 180 2908 δ
200 2853 316 2929 φλοιὸς
334 2855 544 2928 περιαιρεθῇ.

137 2944 184 3006 ΙΙΙ,
205 2944 289 3008 11,3,
319 2937 770 3014 Ἔστιδὲκοὶρελίαςγένη
893 2942 968 3008 §sa
1005 2942 1125 2995 Gracci
1153 2943 1527 3012 dungencraeiusfe·

61 3025 139 3081 δύο·
158 3027 287 3082 τούτων
308 3025 364 3100 δή
385 3031 442 3100 μὲν
462 3025 572 3102 ὑψηλὴ
592 3031 648 3082 καὶ
667 3025 770 3099 etpri-
824 3042 915 3079 cere:
939 3026 1075 3094 longam
1099 3029 1255 3098 enodem,
1282 3029 1426 3085 alteram
1447 3032 1527 3085 bre-

62 3135 126 3185 πης
145 3116 227 3178 ἐστὶ,
246 3115 276 3168 τὸ
295 3112 370 3175 ξύλον
395 3115 493 3189 ἔχουσα
510 3113 601 3167 λευκὸν
621 3116 665 3168 καὶ
687 3109 769 3167 εύινον
823 3113 1372 3186 vemdurioremfuscioremquc‚
1391 3100 1526 3173 laureis

62 3204 111 3255 aul
131 3199 317 3274 μαλακώτερον
336 3203 392 3256 καὶ
412 3198 613 3272 ἁνοζότερον
632 3196 770 3253 καῖάνου-
822 3198 936 3254 foliis.
981 3199 1165 3254 bumeliam
1195 3207 1319 3257 vocant
1348 3205 1383 3257 in
1413 3204 1527 3260 Mace-

61 3285 187 3360 λότερον·
223 3285 240 3360 η
279 3288 312 3342 δὲ
347 3290 584 3360 ταπεινωτέρα
613 3289 658 3340 καὶ
690 3281 768 3359 ἦττον
823 3286 925 3339 donia
970 3285 1224 3354 amplissimam
1268 3288 1524 3346 lentissimam-

61 3371 184 3446 εύσιυξὴς,
214 3376 259 3428 καὶ
288 3378 435 3450 τραχυτέρα
464 3378 520 3430 καὶ
557 3375 770 3448 σκληροτέρα
823 3389 893 3442 qus.

59 3463 121 3514 καὶ
146 3460 343 3534 Εανδοτέρα.
380 3460 426 3515 Τὰ
453 3463 485 3516 δὲ
512 3460 619 3535 φύλλα
643 3467 687 3533 τῷ
711 3464 768 3533 μὲν

58 3545 215 3623 σχήματι
234 3549 428 3621 δαφνοειδῆ.

134 3639 160 3691 4.
192 3629 275 3688 Ἔνιοι
303 3635 330 3688 δὲ
358 3635 502 3689 καλοῦσι
526 3633 573 3706 τὴν
599 3638 644 3706 μὲν
670 3636 768 3706 μελίαν,

55 3719 123 3792 τὴν
143 3721 177 3774 δὲ
196 3722 391 3791 βουμελίαν,
411 3717 496 3793 ὥσπερ
516 3723 546 3775 oi
565 3723 640 3794 περὶ
656 3718 769 3775 Μακε-

55 3808 190 3862 δονίαν.
227 3804 360 3868 Μείζων
387 3808 418 3861 δὲ
442 3811 486 3861 καὶ
511 3809 642 3879 μανοτὲρα
666 3803 684 3878 η
710 3809 768 3878 βου·

57 3895 156 3967 pcata·
177 3891 215 3947 διὸ
234 3896 278 3947 καὶ
296 3889 374 3964 ἧττον
394 3889 478 3947 ούλον.

135 3979 151 4046 ἓ
170 3983 195 4036 5.
231 3977 310 4033 Φύσει
336 3981 363 4033 δὲ
381 3978 411 4033 τὸ
429 3982 475 4050 μὲν
493 3978 594 4033 πεδινὸν
614 3982 658 4033 καὶ
676 3977 768 4055 τραχύ,

55 4068 90 4123 τὸ
113 4063 136 4119 δ’
156 4062 253 4138 ὀρεινὸν
273 4067 317 4120 καὶ
335 4070 418 4120 λεῖον·
443 4067 495 4120 ἔστι
520 4068 548 4120 δὲ
568 4064 587 4137 ἠ
605 4069 651 4138 μὲν
670 4068 696 4120 ἐν
716 4075 769 4128 τοῖς

55 4152 134 4228 ὄρεσι
153 4155 271 4226 φυομένη
291 4148 392 4227 εύχρως
409 4155 454 4207 καὶ
472 4154 528 4207 λεία
551 4155 596 4206 καὶ
614 4152 706 4226 στερεὰ
724 4157 768 4208 καὶ

56 4241 218 4315 γλίσχρα,
239 4237 256 4309 ἠ
276 4235 298 4292 δ’
312 4241 339 4293 ἐν
357 4244 395 4312 τῷ
415 4241 496 4313 πεδίῳ
516 4235 612 4314 ἄχρονς
635 4243 679 4294 καὶ
698 4240 777 4312 μονὴ,

53 4331 105 4382 ’καὶ
123 4331 242 4400 τραχεῖα.

132 4415 173 4481 10,
192 4415 217 4468 2.
255 4409 323 4464 Φασὶ
341 4410 424 4466 δὲτὰ
444 4416 501 4485 μὲν
521 4411 686 4488 λόφουρα,
711 4413 767 4468 ἐὰν
875 4419 944 4488 §64
971 4414 1068 4470 Folia
1086 4417 1524 4473 earumiumentismorti-

55 4497 148 4574 φάρη
167 4503 225 4552 τῶν
246 4494 392 4571 φύλλων,
413 4496 768 4573 ἀποδνῄσκειν,τὰδὲ
820 4501 904 4571 fera,
937 4503 1067 4559 ceteris
1094 4505 1344 4559 ruminantium
1373 4505 1522 4562 innocua

57 4581 305 4658 μηρυκάζοντα
330 4582 424 4641 οὐδὲν
450 4585 595 4663 πάσχειν
622 4587 680 4657 (sed
702 4587 767 4641 haec
821 4591 915 4646 Graeci
933 4591 1081 4661 prodidere.

55 4673 188 4725 dicuntur
205 4670 238 4723 de
256 4669 334 4728 toliis
352 4673 427 4740 taxi).
