3292 5436
794 150 837 213 86

160 355 230 410 lbid.
264 355 365 424 Ephesi
383 358 412 409 in
427 356 491 409 aede
503 355 679 410 simulacrum
690 355 791 409 Dianae
913 354 984 409 claro
1013 357 1046 410 de
1077 356 1203 410 omnibns
1233 357 1359 411 materiis
1392 357 1490 413 iudicio

90 443 173 498 etiarn
198 443 334 496 lacunaria
359 459 394 496 ex
420 458 451 496 ea
477 445 504 495 et
528 442 567 495 ibi
591 443 619 494 et
642 443 670 495 in
694 443 791 496 ceteris
844 443 944 509 templo
970 441 1103 510 Ephesiae
1129 442 1245 510 Dianae,
1278 445 1377 511 utpote
1410 461 1471 497 cnm
1494 447 1502 496 t

60 574 63 579 .
89 529 227 585 nobilibus
238 529 308 583 fanis
321 532 428 597 propter
439 529 622 583 aeternitatem
638 530 702 582 sunt
715 529 790 582 lacta.
844 529 910 582 Asia
927 531 1084 583 metuente
1102 529 1309 598 quadringentis
1324 532 1407 584 annis
1417 534 1502 599 peract

182 614 186 621 ’
780 676 785 683 ,
844 614 895 681 sit,
927 616 1055 669 convenit
1085 618 1188 671 tectum
1213 617 1276 671 eius
1303 634 1366 672 esse
1394 635 1410 672 e
1437 619 1502 672 cadri

845 701 977 755 trabibus.
1021 703 1054 756 de
1072 703 1218 758 simulacro
1236 706 1298 774 ipso
1316 706 1384 760 deae
1401 705 1502 774 ambigit

196 791 308 855 Cetera
333 796 440 873 neqha
463 791 548 873 apud
571 789 822 873 Theophrastum
846 808 953 873 neque
976 793 1062 874 apud
1086 791 1276 857 Vitruvium
1300 801 1439 858 exstant.

195 895 287 971 Quae
309 897 344 957 in
366 914 488 978 paragr.
505 894 571 957 214
594 893 672 957 dicit
695 893 833 975 Plinius,
856 895 944 977 apud
965 894 1219 979 Theophrastum
1242 918 1309 961 non
1333 904 1471 962 exstant.

160 1015 195 1082 V,
217 1021 244 1082 4,
267 1019 292 1072 2.
328 1013 362 1068 τὰ
384 1019 445 1086 γοῦν
470 1015 497 1067 ἐν
520 1010 634 1088 Ἐφέσῳ,
658 1013 685 1074 ἐξ
709 1006 744 1067 ὧν
769 1015 795 1068 αἱ
918 1017 1015 1083 §als
1051 1015 1152 1070 Valvas
1175 1032 1237 1070 asse
1259 1034 1275 1071 e
1300 1033 1431 1086 cupresso
1453 1018 1502 1071 eti

91 1101 169 1177 tlu‘peu
187 1109 233 1158 τοῦ
249 1105 342 1157 νεωστὶ
355 1100 415 1167 νεὼ,
433 1101 658 1174 τεθησαυρισμένα
670 1104 796 1174 τέτταρας
849 1100 1052 1170 quadringentis
1079 1119 1161 1171 prope
1188 1105 1267 1157 annis
1296 1105 1394 1158 durare
1419 1105 1502 1158 meteri

92 1192 177 1244 ἔκειτο
191 1192 289 1262 perduc.
320 1187 388 1261 μόνα
406 1191 434 1243 δὲ
452 1191 497 1242 καὶ
515 1185 669 1260 στιλβηὸόνα
683 1189 794 1262 δέχεται,
848 1202 955 1240 omnem
973 1203 1057 1242 novae
1075 1190 1201 1243 similem.
1231 1190 1261 1245 id
1276 1207 1387 1262 quoque
1402 1192 1502 1246 notandi

92 1273 152 1331 ir’i
171 1281 216 1331 καὶ
233 1276 267 1330 τὰ
285 1273 481 1347 σπουδαζόμενα
494 1280 545 1328 τῶν
559 1276 639 1347 ἔργων
653 1277 683 1328 ἐκ
694 1273 794 1329 τούτων
849 1274 942 1327 valvas
960 1275 989 1326 in
1001 1275 1116 1343 glutinis
1129 1293 1256 1345 compage
1268 1277 1450 1345 quadriennio
1461 1278 1502 1331 fuir

91 1369 201 1419 ποιοῦσι.
848 1377 993 1428 cupressus
1024 1363 1054 1415 in
1086 1379 1131 1416 aas
1161 1363 1261 1430 electa,
1297 1365 1430 1432 quoniam
1457 1382 1502 1433 pra

848 1451 936 1501 cetera
954 1465 1008 1503 nuo
1026 1450 1056 1502 in
1074 1465 1169 1516 genere
1186 1452 1314 1505 materiae
1338 1455 1414 1507 nitor
1431 1468 1502 1506 marr

848 1535 936 1588 valeat
951 1537 1085 1590 aeternus.

199 1624 276 1687 Tota
313 1625 392 1688 haec
429 1624 539 1707 templi
576 1623 733 1707 Ephesiae
771 1620 894 1687 Dianae
933 1624 1102 1710 descriptio
1141 1626 1271 1690 aliunde
1310 1629 1394 1690 mihi
1430 1629 1502 1691 vide

95 1735 263 1793 mutuatus
286 1748 357 1794 esse
378 1728 513 1792 Plinius.

199 1831 288 1908 Quae
310 1835 343 1896 in
361 1854 481 1916 paragr.
502 1835 565 1896 216
589 1837 620 1895 et
635 1831 697 1895 217
722 1832 810 1914 apud
826 1832 970 1897 Plinium
992 1841 1174 1914 narrantur,
1196 1834 1284 1919 apud
1300 1834 1502 1919 Theophrasti

95 1958 161 2001 non
186 1943 322 2002 exstant.
369 1939 407 2001 In
430 1958 553 2021 paragr.
577 1937 640 2000 216
665 1937 792 2000 Plinius
814 1939 884 2019 ipse
907 1945 1069 2002 auctorem
1091 1939 1200 2002 laudat
1223 1939 1405 2003 Bocchum.

163 2057 198 2123 V,
215 2063 242 2123 4,
262 2062 285 2114 1.
321 2057 390 2110 Τῶν
415 2060 447 2112 δὲ
471 2053 579 2111 ἄλλων
604 2055 798 2111 deussera—
920 2058 1007 2124 §als
1036 2059 1502 2126 Apraedictismorusproxn

92 2165 150 2198 τον
176 2142 242 2216 μετὰ
264 2144 298 2197 τὰ
319 2147 488 2217 κνπαρίττινα
512 2147 558 2198 καὶ
575 2144 608 2197 τὰ
626 2143 714 2216 θνώδτ1
739 2143 798 2215 τὴν
851 2143 1029 2212 laudatur,
1053 2161 1138 2212 quae
1162 2147 1346 2198 velustate
1373 2144 1482 2198 etiarn

95 2229 283 2302 συκάμινον
304 2233 394 2286 εἷναί
413 2253 482 2305 φασι,
501 2234 546 2285 καὶ
565 2230 668 2306 ἰσχυρὸν
689 2227 743 2302 ἅμα
755 2233 799 2284 καὶ
852 2233 993 2299 grescit.

95 2313 199 2391 εὕεργον
229 2317 259 2371 τὸ
285 2317 367 2383 ξύλον,
395 2322 451 2373 καὶ
477 2321 609 2392 γίνεται
636 2316 799 2373 micio-t-

96 2425 197 2475 μενον
216 2407 330 2476 μέλαν.

166 2497 191 2550 a.
222 2489 293 2549 Ἔτι
318 2496 352 2548 ae
377 2477 458 2548 etia
482 2495 564 2568 πρὸς
589 2490 669 2552 tiro
693 2496 749 2548 aaa
768 2495 800 2546 aa
922 2496 955 2545 et
979 2494 1144 2561 quasnam
1167 2493 1279 2543 tamen
1303 2489 1342 2542 in
1368 2489 1498 2543 anisa

97 2575 187 2653 ἄλλῳ
214 2578 353 2644 ἀσαπὲς,
382 2584 435 2636 οἷον
463 2583 587 2636 :reita
617 2586 674 2652 μὲν
703 2583 735 2635 ἐν
762 2586 805 2652 τῷ
854 2580 1013 2634 turniora
1053 2582 1135 2633 sunt
1169 2577 1295 2631 usibus
1340 2592 1444 2645 quarn
1480 2576 1503 2629 a'.

98 2664 184 2740 ἀέρι,
209 2670 286 2740 δρῦς
310 2671 343 2723 δὲ
366 2672 663 2742 κατορυττομένη,
688 2670 744 2721 καὶ
768 2668 801 2720 ἐν
854 2667 967 2721 ulmus
991 2667 1027 2719 in
1051 2666 1206 2734 perflatu
1229 2663 1346 2730 firma,
1372 2664 1483 2717 robur

98 2759 141 2825 τῷ
168 2750 266 2808 Ιἶδατι
295 2759 526 2830 καταβρεχομένη·
558 2757 630 2808 δοκεῖ
658 2744 705 2827 γὰρ
736 2749 802 2812 ὅλως
854 2756 986 2808 fossum
1010 2757 1045 2806 et
1066 2755 1101 2806 in
1123 2752 1226 2820 aquis
1248 2765 1407 2818 quercus
1433 2751 1502 2805 obri

99 2837 287 2900 ἇσαπὲςεῖναι.
854 2841 971 2894 eadem
1006 2855 1111 2907 supra
1145 2844 1271 2891 terram
1306 2837 1444 2891 rimosa
1480 2839 1502 2891 la

168 2927 326 2995 Vitrur.II,
346 2934 371 2997 9,
390 2934 415 2987 8,
453 2928 549 2983 Contra
567 2944 630 2981 vero
649 2942 803 2996 quercus
855 2944 958 2996 opera
976 2926 1173 2994 torquendo
1190 2941 1276 2977 sese.

99 3015 212 3068 terrenis
242 3016 434 3084 principiorum
466 3017 636 3070 satietatibus
665 3015 803 3068 abundans

99 3117 246 3170 parumque
269 3103 369 3157 habens
393 3105 516 3158 humoris
540 3106 568 3157 et
590 3104 660 3157 aeris
677 3105 704 3154 et
721 3102 803 3170 ignis,

99 3204 174 3241 cnm
209 3190 238 3241 in
274 3192 387 3243 terrenis
416 3191 588 3259 operibus
623 3189 803 3255 obruitur,

99 3275 283 3329 infinitam
301 3277 405 3330 habet
423 3278 686 3344 aeternitatem,
710 3292 745 3328 ex
763 3293 803 3341 eo,

101 3362 186 3430 quod,
216 3379 279 3416 cum
308 3364 427 3431 tangitur
455 3364 582 3430 humore,
618 3381 670 3418 non
703 3364 803 3416 habens

100 3451 260 3505 foraminum
284 3452 406 3504 raritates
429 3453 536 3518 propter
560 3451 726 3518 spissitatem
746 3459 803 3503 'non

100 3538 189 3603 potest
224 3539 252 3590 in
289 3554 386 3606 corpus
422 3538 540 3605 recipere
572 3537 719 3605 liquorem,
756 3536 803 3590 sed

101 3624 233 3692 fugiens
251 3625 288 3677 ab
301 3625 438 3680 humore
456 3625 804 3691 resistitettorqnetur,

101 3714 135 3764 et
160 3712 296 3778 elficit,
323 3713 358 3765 iu
386 3711 515 3780 quibus
543 3713 597 3764 est
623 3711 803 3779 operibus,

101 3814 136 3852 ea
152 3799 283 3855 rimosa.

174 3892 213 3946 10.
253 3886 805 3957 ...Alnus....itaquaenonpotest
926 3883 995 3936 larix
1013 3883 1048 3935 in
1067 3897 1182 3936 umore
1201 3879 1502 3947 praecipuaetal

103 3975 178 4028 extra
203 3978 298 4028 terrain
324 3975 434 4043 paulum
459 3978 565 4043 tempus
588 3975 691 4039 durare,
715 3989 746 4026 ea
770 3973 803 4025 in
859 3971 965 4038 nigra.

103 4061 244 4115 humore
281 4061 403 4115 obruta
439 4068 615 4130 permanet
649 4061 687 4114 ad
723 4061 805 4114 diu·

103 4150 319 4205 turnitatour.
1326 4196 1332 4202 .

174 4237 207 4305 V,
226 4243 251 4303 4,
271 4243 294 4297 3.
327 4240 476 4311 ὄρῦς....
496 4239 528 4292 ὲν
548 4238 581 4291 δὲ
599 4241 638 4308 τῇ,
659 4232 808 4306 θνιλοὶττνΙ
931 4231 1034 4284 robur
1056 4228 1187 4282 marina
1208 4241 1295 4294 aqua
1318 4227 1502 4295 corrumpi

105 4321 257 4396 σήπεται.

176 4411 209 4477 V,
228 4419 252 4479 4,
273 4418 297 4471 7,
334 4414 429 4468 δοκεῖ
453 4414 486 4467 δὲ
511 4415 568 4465 ναὶ
592 4408 609 4482 i,
630 4407 709 4483 iiie,
729 4408 809 4483 πρὸς
932 4421 996 4458 non
1021 4402 1229 4471 inprobatur
1252 4400 1285 4452 et
1308 4397 1416 4468 fagus
1441 4402 1502 4453 ini

105 4498 140 4554 τὸ
160 4495 247 4573 trop
269 4497 400 4573 ἀσαπὴς
420 4501 519 4563 εἶναι,
542 4501 586 4552 καὶ
605 4498 711 4570 βελτίων
731 4499 810 4568 pisse·
862 4495 895 4546 ct
914 4491 1070 4559 inglanS,
1095 4489 1156 4541 hae
1175 4487 1317 4556 quidem
1334 4485 1374 4539 in
1393 4487 1472 4550 his,
1496 4504 1502 4538 ‹

105 4589 326 4663 ἃῑαιβρεχνμένη·
345 4584 558 4661 ναὶὴκαρύα
578 4587 609 4642 δὲ
628 4582 645 4638 i·
666 4582 809 4655 Tripoiai,
863 4579 1106 4644 defodiuntur,
1134 4574 1189 4628 rel
1215 4571 1465 4642 principales,
1497 4576 1502 4627 i

107 4672 217 4748 ἀναπής.
863 4666 1066 4734 iunipirus,
1108 4662 1223 4716 eadem
1262 4660 1296 4713 et
1341 4662 1502 4718 subdial:

863 4752 1066 4821 aptissima,

158 5016 343 5120 A
