3292 5436
807 100 850 164 35

201 307 237 372 Si
258 313 344 372 recta
366 313 453 389 sunt,
477 325 559 389 quae
581 307 707 370 restitui
729 307 802 370 volo
833 306 1195 390 apudTheophrastum
1217 300 1320 388 ,ἧττον
1349 307 1414 370 λεῖα
1445 304 1478 370 δὲ
1507 302 1558 370 καί

88 411 132 476 τὰ
155 417 209 475 τοῦ
230 417 354 486 κιττοῦίί
386 409 513 474 Plinius
543 416 600 474 aut
629 430 743 494 perum
774 411 942 495 diligenter
973 411 1178 494 Theophrasti
1210 409 1309 474 verba
1341 411 1446 493 vertit,
1482 430 1557 475 cum

96 518 185 581 dicat
207 517 341 580 hederae
369 534 500 598 quoque
530 515 605 578 folia
634 534 772 598 superne
802 534 872 579 esse
905 515 1092 579 candidiora
1125 526 1156 579 et
1189 517 1297 579 minus
1330 515 1424 595 levia,
1457 513 1559 580 Theo-

92 622 247 705 phrastus
269 621 378 684 minus
400 620 485 684 levia
507 624 644 701 tentum,
668 624 723 683 aut
745 621 809 683 iam
832 620 868 682 in
891 619 974 683 libro
998 640 1058 684 suo
1073 620 1171 684 verba
1185 619 1391 704 Theophrasti
1407 625 1558 703 corrupta

92 727 229 790 invenit.
275 723 365 800 Quae
386 717 516 788 Plinius
539 724 654 787 adiecit
676 729 800 808 praeter
821 724 1028 808 Theophrasti
1051 725 1150 790 verba
1181 727 1289 789 omnia
1318 724 1410 788 facile
1433 725 1472 788 de
1495 744 1557 788 suo
1608 726 1611 731 '

88 831 221 894 adicere
251 830 367 912 potuit,
400 833 438 892 ut
473 828 610 910 „cotidie
644 828 685 890 ad
722 829 821 893 solem
857 829 1025 911 oscitant‘,
1061 829 1246 912 „inferiores
1279 828 1381 912 partis
1414 826 1557 911 tepefieri

88 934 270 1013 volentia“,
296 951 396 1016 „quae
418 932 548 995 in‘aliis
570 933 716 1015 gentium
739 933 813 996 lana
835 933 913 998 est.“
982 971 987 986 ·

203 1034 293 1112 Quae
315 1035 442 1098 Plinius
464 1036 499 1098 in
522 1055 644 1119 paragr.
662 1036 703 1100 89
721 1036 798 1100 dicit
821 1037 860 1100 de
882 1037 967 1100 foliis
989 1037 1178 1119 palmarum,
1201 1036 1287 1119 apud
1303 1036 1556 1119 Theophrastum

91 1161 161 1205 non
186 1145 323 1205 exstant.

164 1259 186 1328 I,
206 1263 248 1326 10,
266 1263 292 1317 4.
330 1255 486 1332 Διοιφέρουσι
510 1259 538 1312 δὲ
562 1256 630 1314 κατὰ
653 1259 687 1314 τὰ
715 1258 800 1334 φύλλα

92 1349 196 1402 πλείοσι
208 1347 356 1420 διαφοραῖς·
375 1343 414 1398 τοί
433 1349 489 1418 μέν
509 1343 567 1419 γάρ
586 1347 658 1401 έστι
675 1344 800 1401 πλατύ-

93 1435 216 1508 τρυλλα,
234 1430 390 1505 καθάπερ
410 1427 572 1504 ἄμπελος,
598 1437 694 1505 συκῆ,
719 1430 801 1487 πλά-

90 1541 213 1581 τανος·
242 1519 282 1574 τὰ
312 1521 346 1573 δὲ
382 1516 608 1593 στενόφυλλα,
644 1517 800 1594 καθάπερ

91 1608 208 1672 έλαία,
228 1605 301 1680 ῥόα,
321 1603 493 1679 μύρρινος·
512 1604 546 1659 τοὶ
559 1607 586 1660 δὲ
599 1602 683 1680 ὥσπερ
703 1605 800 1662 σπαδό-

90 1697 188 1769 ιρυλλα,
213 1691 333 1766 καθάπερ
358 1690 451 1765 πεύκη,
475 1694 582 1756 πίτυς,
609 1694 741 1766 κέδρος·
767 1691 801 1747 τὰ

85 1784 121 1837 δὲ
140 1783 194 1836 οἷον
214 1777 433 1855 σαρκόφυλλα
458 1780 546 1848 (τοῦτο
565 1775 590 1833 δ’
610 1775 649 1834 ότι
671 1782 801 1854 οαρκῶδες

85 1869 182 1944 ἔχουσι
208 1867 239 1922 τὸ
268 1864 386 1942 φύλλον),
417 1869 470 1920 οἷον
492 1865 711 1941 κυπάριττος,
744 1889 799 1939 μυ-

90 1957 181 2030 ρίκη·
238 1992 240 1997 ·

165 2045 191 2098 5.
205 2036 282 2096 Ἔνια
294 2042 323 2096 δὲ
340 2043 385 2094 καὶ
402 2041 661 2114 κοιλαμόφυλλα,
680 2038 799 2115 καθάπερ

93 2125 109 2182 ὃ
130 2125 242 2201 φοῖνιξ
258 2130 304 2182 καὶ
322 2124 336 2183 ὸ
354 2125 418 2191 adit,
437 2129 481 2182 καὶ
502 2124 549 2183 όσα
570 2134 692 2183 τοιαῦτα·
717 2134 801 2183 ταῦτα

88 2216 122 2268 δὲ
148 2211 181 2275 ὡς
205 2211 320 2270 καθόλου
345 2215 434 2281 εἰπεῖν,
461 2213 638 2290 μονιόρυλλα·
657 2217 702 2270 καὶ
720 2214 766 2288 γὰρ
787 2211 800 2270 ό

90 2299 213 2373 κάλαμος
237 2302 283 2355 καί
302 2298 315 2356 ὸ
333 2298 455 2374 κόπειρος
479 2304 523 2356 καὶ
547 2299 561 2356 ὁ
582 2299 719 2376 βούτομος,
744 2304 801 2356 καὶ

90 2387 132 2441 τὰ
151 2383 237 2442 ἄλλα
255 2390 288 2442 δὲ
306 2393 366 2442 τῶν
385 2389 555 2459 λιμνωδιῖιν
575 2394 696 2442 τοιαῦτα·
715 2385 800 2443 πάντα

87 2477 123 2530 δὲ
142 2470 225 2549 ὥσπερ
250 2475 287 2529 ἐκ
311 2475 401 2530 δυεῖν
427 2464 584 2540 σύνθετα,
608 2477 652 2531 καὶ
672 2473 702 2529 τὸ
722 2477 800 2548 μέσον

91 2563 149 2617 οἷον
172 2560 270 2635 τρόπις,
296 2556 355 2616 όίλεν
380 2567 434 2622 τοῖς
460 2557 547 2621 ἄλλοις
575 2564 654 2634 μέρος
681 2560 761 2636 πόρος
787 2561 800 2617 δ

923 1260 999 1327 ξ90.
1035 1258 1227 1314 Latissima
1253 1261 1340 1327 lico,
1368 1260 1451 1326 viti,
1483 1258 1558 1326 pla·

853 1347 947 1414 tano,
963 1349 1111 1416 angusta
1127 1348 1251 1417 myrto,
1269 1347 1434 1416 punicae,
1447 1345 1558 1412 oleae,

853 1433 977 1501 capillata
994 1435 1089 1503 pino,
1113 1436 1227 1504 cedro,
1248 1434 1369 1490 aculeata
1385 1431 1511 1487 acuiloho
1530 1438 1559 1488 et

852 1519 947 1574 ilicum
973 1521 1068 1589 generi
1095 1553 1128 1562 -
1154 1538 1217 1575 nam
1243 1521 1372 1589 iunipiris
1401 1520 1479 1588 spina
1511 1535 1559 1588 pro

852 1607 916 1662 lolio
940 1610 982 1661 est
1001 1640 1043 1676 -,
1067 1624 1212 1662 carnosa
1238 1624 1421 1678 cupresso,
1451 1610 1559 1663 tama·

852 1693 933 1762 rici,
960 1695 1129 1749 crassissima
1153 1694 1222 1762 alno,
1246 1695 1326 1764 longa
1348 1696 1559 1762 harundini,

852 1781 975 1851 salici,
1010 1782 1142 1850 palmae
1171 1785 1204 1835 et
1240 1782 1412 1851 duplicia,
1449 1782 1559 1836 circi-

827 1879 932 1949 nata
968 1869 1055 1936 piro,
1097 1872 1252 1924 mucronata
1285 1870 1388 1938 malo,
1431 1868 1560 1937 angulosa

852 1954 973 2022 hederae,
991 1956 1081 2010 divisa
1093 1956 1206 2024 platano,
1225 1957 1363 2012 insecta
1380 1956 1558 2026 pectinum

852 2042 947 2096 modo
972 2043 1106 2111 piceae,
1134 2044 1258 2112 abieti,
1286 2045 1395 2100 sinuosa
1418 2045 1475 2098 toto
1501 2060 1558 2097 am-

851 2131 912 2184 bitu
929 2130 1026 2199 robori,
1045 2130 1188 2199 spinosa
1206 2134 1267 2186 cute
1285 2132 1382 2186 rubo.

89 2651 181 2721 μέσος.
218 2645 375 2721 Διαφέρουσι
402 2649 430 2702 ὂέ
454 2649 572 2708 καὶτοῖς
602 2646 731 2723 σχήμασι·
761 2649 800 2704 τά
864 2688 870 2700 .

87 2738 150 2808 μὲν
181 2733 240 2809 γὰρ
270 2740 450 2809 περιφερῆ,
480 2732 636 2809 καθάπερ
666 2734 705 2790 τά
741 2742 800 2810 τῆς

90 2819 209 2876 ἀπίου·
228 2820 261 2876 τὰ
276 2823 304 2876 δὲ
317 2824 525 2896 προμηκέστερα,
543 2820 663 2897 καθάπερ
683 2821 722 2877 τὰ
739 2829 801 2896 τῆς

86 2910 234 2982 μηλέας·
260 2907 293 2962 τὰ
317 2910 345 2964 δὲ
363 2912 399 2969 είς
418 2905 461 2969 did
486 2907 638 2982 προήκοντα
656 2912 701 2965 καὶ
718 2931 800 2984 παρα-

91 2994 258 3060 κανθίζοντα,
277 2992 397 3069 καθάπερ
416 2995 449 3049 τὰ
462 3001 508 3049 τοῦ
529 2997 667 3068 σμίλακος
686 2996 800 3051 καὶτὰ

85 3085 152 3154 μὲν
184 3080 304 3157 σχιστόι
340 3084 396 3136 καὶ
426 3084 496 3136 οἷον
526 3081 709 3156 πριονώδη,
740 3105 799 3138 κα·

89 3167 203 3243 θάπερ
222 3168 260 3223 τὰ
277 3174 337 3242 τῆς
355 3167 477 3242 ἐλάτης
500 3172 556 3224 καὶ
580 3169 619 3224 τὰ
643 3177 701 3243 τῆς
725 3193 800 3225 πτε-

85 3255 201 3328 ρίδος·
228 3253 324 3330 τρόπον
353 3258 381 3311 δέ
407 3277 466 3312 τινα
496 3256 589 3332 σχιστολ
618 3261 662 3313 καὶ
693 3257 726 3312 τὰ
752 3265 800 3331 τῆς

85 3337 218 3412 -ἀμπέλου,
237 3344 282 3397 καὶ
300 3343 333 3397 τὰ
350 3349 397 3416 τῆς
417 3350 504 3416 συκῆς,
522 3340 606 3417 ὥσπερ
627 3340 657 3399 σίν
676 3365 714 3406 τις
733 3346 799 3401 εἴποι

85 3429 311 3502 ’κορωνοποδώδη
339 3429 392 3497 (Ad
410 3430 473 3484 lolia
490 3431 603 3484 hederae
621 3430 798 3500 of.P1in.86;

85 3512 223 3582 Theophr.
241 3514 263 3582 I,
283 3519 324 3582 10,
345 3516 379 3583 1.)

158 3606 187 3658 ’6.
213 3596 290 3656 Ἔνια
308 3603 336 3657 δὲ
354 3605 399 3657 καὶ
417 3603 528 3677 ἐντομάς
547 3607 650 3680 έχοντα,
677 3604 798 3680 καθάπερ

88 3685 125 3740 τὰ
143 3692 190 3759 τῆς
208 3690 318 3750 πτελέας
336 3693 381 3745 καὶ
405 3689 438 3745 τὰ
461 3697 508 3763 τῆς
523 3689 737 3765 Ἡροκλεωτικῆς
754 3697 799 3748 καὶ

84 3771 125 3827 τὰ
143 3778 190 3844 τῆς
208 3773 297 3848 δρυός·
323 3775 357 3831 τὰ
382 3779 410 3832 δὲ
432 3781 477 3832 καὶ
496 3779 799 3852 παρακονδίζοντα

89 3862 137 3914 καὶ
155 3860 186 3914 ἐκ
203 3867 250 3916 τοῦ
270 3857 351 3937 άκρου
369 3866 414 3918 καὶ
432 3866 462 3918 έκ
480 3866 673 3938 τῶνπλαγίιυν,
694 3867 747 3920 οἷον
765 3865 799 3921 τὰ

88 3952 140 4018 τῆς
162 3948 260 4020 πρίνου,
285 3949 318 4004 τὰ
343 3956 390 4024 τῆς
415 3950 490 4025 δρυὸς
516 3954 561 4006 καὶ
589 3954 715 4025 σμίλακος
741 3957 800 4008 καὶ

86 4030 195 4105 Ιβάτου
225 4037 270 4089 καὶ
299 4035 443 4111 παλιούρου
470 4041 514 4094 καὶ
544 4039 577 4095 τὰ
612 4046 662 4095 τῶν
700 4036 795 4095 σίλλων.

81 4117 293 4183 Ἄκανδῶδες
317 4125 345 4178 δὲ
369 4125 399 4178 έιι
423 4131 473 4180 τῶν
499 4122 586 4200 άκριυν
609 4129 665 4182 καὶ
683 4125 718 4182 τό
736 4133 796 4200 τῆς

87 4205 217 4280 πεύκης
236 4212 292 4264 καὶ
310 4212 428 4273 πίτυος
452 4215 508 4267 καὶ
532 4211 665 4288 ἐλάτης,
691 4217 738 4270 ἔτι
762 4217 796 4271 δὲ

87 4295 214 4367 κέδρου
238 4299 284 4352 καὶ
307 4299 418 4372 κεδρίας.
463 4298 651 4356 Φυλλοίκανδον
676 4303 704 4357 δέ
729 4299 795 4363 όλους

84 4382 117 4434 έν
137 4384 183 4452 μὲν
202 4389 256 4444 τοῖς
275 4385 389 4458 δένδροις
407 4381 455 4441 ούκ
474 4388 541 4442 ἐστιν
561 4384 643 4453 ούδέν,
669 4385 701 4443 ὧν
720 4386 795 4462 ἡμεῖς

85 4467 173 4538 ίσμεν.

162 4558 186 4612 7.
214 4553 295 4611 Πάλιν
315 4553 337 4611 δ’
351 4554 389 4613 ότι
412 4559 446 4615 τὰ
470 4564 516 4633 μὲν
542 4555 648 4637 άμισχα,
674 4559 793 4636 καθάπερ

86 4641 123 4694 τὰ
140 4646 188 4714 τῆς
206 4644 312 4718 σκίλλης
330 4648 375 4700 καί
398 4652 444 4702 τοῦ
470 4649 574 4720 βολβοῦ,
598 4647 632 4702 τὰ
650 4644 675 4702 δ’
697 4649 793 4723 ἔχοντα

86 4728 229 4802 μίσχου·
254 4731 349 4787 καὶτὰ
370 4736 415 4805 μὲν
436 4732 544 4809 μακρὸν,
565 4737 619 4791 οἷον
637 4731 656 4808 ἣ
675 4730 792 4808 ἄμπελος

919 4131 995 4198 ἐ91.
1037 4131 1212 4186 mordacia
1235 4133 1318 4184 sunt
1342 4129 1504 4198 quibusdam
1524 4131 1557 4184 ut

848 4216 953 4287 urtieiS,
966 4217 1157 4285 pungentia
1174 4217 1269 4286 pino,
1282 4218 1415 4287 piceae,
1429 4218 1555 4287 abieti,

847 4303 964 4372 larici,
980 4304 1097 4371 cedro,
1110 4304 1253 4363 acuifoliis.
1275 4305 1440 4374 pediculo
1455 4305 1556 4361 brevi

848 4389 942 4445 oleae
960 4391 988 4445 et
1005 4389 1074 4459 ilici,
1091 4390 1170 4459 longo
1182 4391 1295 4462 vitibus,
1309 4394 1424 4451 tremulo
1436 4395 1555 4464 populis,

847 4479 875 4530 et
891 4476 991 4530 iisdem
1013 4476 1080 4532 solis
1104 4479 1176 4533 inter
1198 4495 1228 4534 so
1249 4480 1415 4549 crepitantia.
1453 4483 1555 4537 iamet

845 4562 875 4617 in
893 4579 972 4632 pomo
990 4563 1050 4633 ipso
1068 4565 1132 4619 mali
1157 4567 1272 4635 quodam
1296 4566 1326 4620 in
1350 4583 1446 4635 genere
1471 4585 1555 4638 parra

845 4649 944 4704 mediis
974 4650 1091 4706 emicant
1121 4651 1193 4722 lolia,
1229 4653 1339 4708 interim
1375 4657 1403 4710 et
1437 4657 1553 4726 gemina

845 4739 1027 4805 praeterea
1055 4738 1141 4793 aliis
1180 4739 1275 4794 circa
1303 4757 1431 4812 ramos,
1468 4743 1555 4800 aliis

1319 4845 1348 4888 g!
