<?xml version="1.0" encoding="UTF-8"?>
<!DOCTYPE html PUBLIC "-//W3C//DTD XHTML 1.0 Transitional//EN"
    "http://www.w3.org/TR/xhtml1/DTD/xhtml1-transitional.dtd">
<html xmlns="http://www.w3.org/1999/xhtml" xml:lang="en" lang="en">
 <head>
  <title>
</title>
<meta http-equiv="Content-Type" content="text/html;charset=utf-8" />
  <meta name='ocr-system' content='tesseract 3.04.00' />
  <meta name='ocr-capabilities' content='ocr_page ocr_carea ocr_par ocr_line ocrx_word'/>
</head>
<body>
  <div class='ocr_page' id='page_1' title='image "./derationequaein00renjgoog_0087.png"; bbox 0 0 3292 5436; ppageno 0'>
   <div class='ocr_carea' id='block_1_1' title="bbox 84 384 798 894">
    <p class='ocr_par' dir='ltr' id='par_1_1' title="bbox 84 384 798 894">
     <span class='ocr_line' id='line_1_1' title="bbox 156 384 796 462; baseline -0.022 -8"><span class='ocrx_word' id='word_1_1' title='bbox 156 402 180 454; x_wconf 84' lang='lat'><strong>9.</strong></span> <span class='ocrx_word' id='word_1_2' title='bbox 297 392 333 449; x_wconf 89' lang='grc' dir='ltr'><strong>Τδ</strong></span> <span class='ocrx_word' id='word_1_3' title='bbox 358 394 387 447; x_wconf 86' lang='grc' dir='ltr'><strong>δὲ</strong></span> <span class='ocrx_word' id='word_1_4' title='bbox 411 388 471 447; x_wconf 77' lang='grc' dir='ltr'>ὅλον</span> <span class='ocrx_word' id='word_1_5' title='bbox 496 386 532 446; x_wconf 77' lang='grc' dir='ltr'><strong>οὗ</strong></span> <span class='ocrx_word' id='word_1_6' title='bbox 559 386 589 444; x_wconf 80' lang='grc' dir='ltr'><strong>ἂν</strong></span> <span class='ocrx_word' id='word_1_7' title='bbox 614 384 632 462; x_wconf 75' lang='grc' dir='ltr'>ᾗ</span> <span class='ocrx_word' id='word_1_8' title='bbox 659 384 796 459; x_wconf 58' lang='lat' dir='ltr'><strong>§adiperos</strong></span> 
     </span>
     <span class='ocr_line' id='line_1_2' title="bbox 87 472 798 557; baseline -0.017 -18"><span class='ocrx_word' id='word_1_9' title='bbox 87 485 132 539; x_wconf 83' lang='grc' dir='ltr'><strong>καλ</strong></span> <span class='ocrx_word' id='word_1_10' title='bbox 145 479 243 555; x_wconf 75' lang='grc' dir='ltr'>εὔγειον</span> <span class='ocrx_word' id='word_1_11' title='bbox 256 481 353 557; x_wconf 79' lang='grc' dir='ltr'>χωρίον</span> <span class='ocrx_word' id='word_1_12' title='bbox 366 483 411 534; x_wconf 86' lang='grc' dir='ltr'><strong>καὶ</strong></span> <span class='ocrx_word' id='word_1_13' title='bbox 423 479 535 542; x_wconf 76' lang='grc' dir='ltr'><strong>ἰλυῶδες,</strong></span> <span class='ocrx_word' id='word_1_14' title='bbox 547 479 604 530; x_wconf 85' lang='grc' dir='ltr'><strong>καὶ</strong></span> <span class='ocrx_word' id='word_1_15' title='bbox 617 472 630 530; x_wconf 87' lang='grc' dir='ltr'>δ</span> <span class='ocrx_word' id='word_1_16' title='bbox 642 472 798 547; x_wconf 82' lang='grc' dir='ltr'>Κηφισὸς</span> 
     </span>
     <span class='ocr_line' id='line_1_3' title="bbox 87 558 798 642; baseline -0.017 -17"><span class='ocrx_word' id='word_1_17' title='bbox 87 572 332 642; x_wconf 76' lang='grc' dir='ltr'>οναρίογεται,</span> <span class='ocrx_word' id='word_1_18' title='bbox 349 563 475 639; x_wconf 80' lang='grc' dir='ltr'>καὶπρὸς</span> <span class='ocrx_word' id='word_1_19' title='bbox 493 560 595 623; x_wconf 70' lang='grc' dir='ltr'>τούτοις</span> <span class='ocrx_word' id='word_1_20' title='bbox 613 558 735 634; x_wconf 79' lang='grc' dir='ltr'>βέδυσροι</span> <span class='ocrx_word' id='word_1_21' title='bbox 750 565 798 633; x_wconf 75' lang='grc' dir='ltr'><strong>τῆς</strong></span> 
     </span>
     <span class='ocr_line' id='line_1_4' title="bbox 87 645 797 729; baseline -0.015 -18"><span class='ocrx_word' id='word_1_22' title='bbox 87 658 193 729; x_wconf 77' lang='grc' dir='ltr'><strong>λίμνης,</strong></span> <span class='ocrx_word' id='word_1_23' title='bbox 229 651 416 708; x_wconf 80' lang='grc' dir='ltr'>κάλλιστον</span> <span class='ocrx_word' id='word_1_24' title='bbox 452 649 609 725; x_wconf 71' lang='grc' dir='ltr'><strong>γίνεσθαι</strong></span> <span class='ocrx_word' id='word_1_25' title='bbox 641 645 797 719; x_wconf 85' lang='grc' dir='ltr'>κοίλοιρον</span> 
     </span>
     <span class='ocr_line' id='line_1_5' title="bbox 84 732 798 814; baseline -0.017 -16"><span class='ocrx_word' id='word_1_26' title='bbox 84 779 205 798; x_wconf 81' lang='grc'><strong>.......</strong></span> <span class='ocrx_word' id='word_1_27' title='bbox 224 739 239 796; x_wconf 88' lang='grc' dir='ltr'>δ</span> <span class='ocrx_word' id='word_1_28' title='bbox 257 737 411 814; x_wconf 81' lang='grc' dir='ltr'>Κηφισὸς</span> <span class='ocrx_word' id='word_1_29' title='bbox 429 735 578 811; x_wconf 75' lang='grc' dir='ltr'>μεγάλην</span> <span class='ocrx_word' id='word_1_30' title='bbox 598 736 671 811; x_wconf 80' lang='grc' dir='ltr'>ἔχει</span> <span class='ocrx_word' id='word_1_31' title='bbox 691 732 798 808; x_wconf 81' lang='grc' dir='ltr'>ῥοπὴν</span> 
     </span>
     <span class='ocr_line' id='line_1_6' title="bbox 88 820 701 894; baseline -0.02 -8"><span class='ocrx_word' id='word_1_32' title='bbox 88 831 137 891; x_wconf 76' lang='grc' dir='ltr'><strong>εἰς</strong></span> <span class='ocrx_word' id='word_1_33' title='bbox 155 829 192 884; x_wconf 84' lang='grc' dir='ltr'><strong>τὸ</strong></span> <span class='ocrx_word' id='word_1_34' title='bbox 211 833 323 883; x_wconf 78' lang='grc' dir='ltr'>ποιεῖν</span> <span class='ocrx_word' id='word_1_35' title='bbox 342 824 444 880; x_wconf 88' lang='grc' dir='ltr'>κολδν</span> <span class='ocrx_word' id='word_1_36' title='bbox 462 822 518 878; x_wconf 84' lang='grc' dir='ltr'><strong>τὸν</strong></span> <span class='ocrx_word' id='word_1_37' title='bbox 537 820 701 894; x_wconf 81' lang='grc' dir='ltr'>κάλαμον.</span> 
     </span>
    </p>
   </div>
   <div class='ocr_carea' id='block_1_2' title="bbox 93 971 1562 1173">
    <p class='ocr_par' dir='ltr' id='par_1_2' title="bbox 93 971 1562 1173">
     <span class='ocr_line' id='line_1_7' title="bbox 199 971 1562 1066; baseline -0.01 -16"><span class='ocrx_word' id='word_1_38' title='bbox 199 985 290 1050; x_wconf 87' lang='lat' dir='ltr'><strong>Haec</strong></span> <span class='ocrx_word' id='word_1_39' title='bbox 313 1003 354 1049; x_wconf 79' lang='lat' dir='ltr'><strong>ex</strong></span> <span class='ocrx_word' id='word_1_40' title='bbox 375 982 590 1066; x_wconf 78' lang='lat' dir='ltr'><strong>Theophrasto</strong></span> <span class='ocrx_word' id='word_1_41' title='bbox 622 983 806 1043; x_wconf 91' lang='lat' dir='ltr'><strong>mutuatum</strong></span> <span class='ocrx_word' id='word_1_42' title='bbox 829 995 899 1042; x_wconf 86' lang='lat' dir='ltr'><strong>esse</strong></span> <span class='ocrx_word' id='word_1_43' title='bbox 921 975 1065 1039; x_wconf 85' lang='lat' dir='ltr'>Plinium</span> <span class='ocrx_word' id='word_1_44' title='bbox 1096 973 1229 1039; x_wconf 89' lang='lat' dir='ltr'><strong>conlatis</strong></span> <span class='ocrx_word' id='word_1_45' title='bbox 1252 971 1360 1038; x_wconf 83' lang='lat' dir='ltr'><strong>verbis</strong></span> <span class='ocrx_word' id='word_1_46' title='bbox 1386 974 1562 1056; x_wconf 87' lang='lat' dir='ltr'><strong>utriusque</strong></span> 
     </span>
     <span class='ocr_line' id='line_1_8' title="bbox 93 1068 1560 1173; baseline -0.01 -18"><span class='ocrx_word' id='word_1_47' title='bbox 93 1090 258 1155; x_wconf 85' lang='lat' dir='ltr'><strong>evidenter</strong></span> <span class='ocrx_word' id='word_1_48' title='bbox 291 1089 430 1173; x_wconf 79' lang='lat' dir='ltr'><strong>adparet.</strong></span> <span class='ocrx_word' id='word_1_49' title='bbox 486 1085 595 1150; x_wconf 90' lang='lat' dir='ltr'><strong>Pauca</strong></span> <span class='ocrx_word' id='word_1_50' title='bbox 629 1088 756 1147; x_wconf 91' lang='lat' dir='ltr'><strong>tantum</strong></span> <span class='ocrx_word' id='word_1_51' title='bbox 787 1082 915 1146; x_wconf 82' lang='lat' dir='ltr'>Plinius</span> <span class='ocrx_word' id='word_1_52' title='bbox 943 1079 1069 1160; x_wconf 88' lang='lat' dir='ltr'><strong>adiecit,</strong></span> <span class='ocrx_word' id='word_1_53' title='bbox 1105 1096 1189 1162; x_wconf 90' lang='lat' dir='ltr'><strong>quae</strong></span> <span class='ocrx_word' id='word_1_54' title='bbox 1217 1078 1322 1162; x_wconf 92' lang='lat' dir='ltr'><strong>ipsius</strong></span> <span class='ocrx_word' id='word_1_55' title='bbox 1353 1068 1560 1140; x_wconf 71' lang='lat' dir='ltr'><strong>verba&#39;esse</strong></span> 
     </span>
    </p>
   </div>
   <div class='ocr_carea' id='block_1_3' title="bbox 88 1195 1598 2903">
    <p class='ocr_par' dir='ltr' id='par_1_3' title="bbox 94 1195 1598 1283">
     <span class='ocr_line' id='line_1_9' title="bbox 94 1195 1598 1283; baseline -0.011 -26"><span class='ocrx_word' id='word_1_56' title='bbox 94 1195 252 1259; x_wconf 85' lang='lat' dir='ltr'><strong>videntur.</strong></span> <span class='ocrx_word' id='word_1_57' title='bbox 1593 1250 1598 1283; x_wconf 35' lang='grc' dir='ltr'>Ι</span> 
     </span>
    </p>

    <p class='ocr_par' dir='ltr' id='par_1_4' title="bbox 88 1301 1598 1916">
     <span class='ocr_line' id='line_1_10' title="bbox 194 1301 1598 1396; baseline -0.009 -18"><span class='ocrx_word' id='word_1_58' title='bbox 194 1314 322 1396; x_wconf 88' lang='lat' dir='ltr'><strong>Paragr.</strong></span> <span class='ocrx_word' id='word_1_59' title='bbox 348 1313 414 1385; x_wconf 84' lang='grc'><strong>173,</strong></span> <span class='ocrx_word' id='word_1_60' title='bbox 434 1313 521 1396; x_wconf 92' lang='lat' dir='ltr'><strong>prior</strong></span> <span class='ocrx_word' id='word_1_61' title='bbox 543 1329 627 1394; x_wconf 87' lang='lat' dir='ltr'><strong>pars,</strong></span> <span class='ocrx_word' id='word_1_62' title='bbox 657 1314 695 1372; x_wconf 91' lang='lat' dir='ltr'><strong>ut</strong></span> <span class='ocrx_word' id='word_1_63' title='bbox 717 1307 844 1371; x_wconf 86' lang='lat' dir='ltr'>Plinius</span> <span class='ocrx_word' id='word_1_64' title='bbox 874 1307 943 1389; x_wconf 86' lang='lat' dir='ltr'><strong>ipse</strong></span> <span class='ocrx_word' id='word_1_65' title='bbox 966 1305 1055 1386; x_wconf 80' lang='lat' dir='ltr'><strong>dicit,</strong></span> <span class='ocrx_word' id='word_1_66' title='bbox 1085 1323 1127 1370; x_wconf 88' lang='lat' dir='ltr'><strong>ex</strong></span> <span class='ocrx_word' id='word_1_67' title='bbox 1151 1303 1270 1369; x_wconf 78' lang='lat' dir='ltr'><strong>(latone</strong></span> <span class='ocrx_word' id='word_1_68' title='bbox 1291 1301 1337 1386; x_wconf 88' lang='lat'><strong>(6,</strong></span> <span class='ocrx_word' id='word_1_69' title='bbox 1360 1302 1399 1384; x_wconf 76' lang='lat'><strong>3)</strong></span> <span class='ocrx_word' id='word_1_70' title='bbox 1431 1307 1557 1386; x_wconf 80' lang='lat' dir='ltr'><strong>sumpta·</strong></span> <span class='ocrx_word' id='word_1_71' title='bbox 1596 1350 1598 1381; x_wconf 58' lang='grc'>;</span> 
     </span>
     <span class='ocr_line' id='line_1_11' title="bbox 94 1407 1598 1501; baseline -0.01 -17"><span class='ocrx_word' id='word_1_72' title='bbox 94 1424 152 1501; x_wconf 80' lang='lat' dir='ltr'><strong>est,</strong></span> <span class='ocrx_word' id='word_1_73' title='bbox 184 1437 291 1501; x_wconf 90' lang='lat' dir='ltr'><strong>neque</strong></span> <span class='ocrx_word' id='word_1_74' title='bbox 326 1435 374 1497; x_wconf 91' lang='lat' dir='ltr'><strong>ea,</strong></span> <span class='ocrx_word' id='word_1_75' title='bbox 409 1434 491 1498; x_wconf 90' lang='lat' dir='ltr'><strong>quae</strong></span> <span class='ocrx_word' id='word_1_76' title='bbox 526 1415 604 1478; x_wconf 89' lang='lat' dir='ltr'><strong>dicit</strong></span> <span class='ocrx_word' id='word_1_77' title='bbox 637 1413 765 1476; x_wconf 83' lang='lat' dir='ltr'>Plinius</span> <span class='ocrx_word' id='word_1_78' title='bbox 800 1413 835 1473; x_wconf 92' lang='lat' dir='ltr'>in</span> <span class='ocrx_word' id='word_1_79' title='bbox 868 1411 1040 1494; x_wconf 88' lang='lat' dir='ltr'><strong>posteriore</strong></span> <span class='ocrx_word' id='word_1_80' title='bbox 1074 1413 1162 1494; x_wconf 85' lang='lat' dir='ltr'><strong>parte</strong></span> <span class='ocrx_word' id='word_1_81' title='bbox 1195 1426 1319 1491; x_wconf 81' lang='lat' dir='ltr'>paragr.</span> <span class='ocrx_word' id='word_1_82' title='bbox 1354 1407 1423 1472; x_wconf 82' lang='lat'><strong>173</strong></span> <span class='ocrx_word' id='word_1_83' title='bbox 1461 1414 1494 1472; x_wconf 89' lang='lat' dir='ltr'><strong>et</strong></span> <span class='ocrx_word' id='word_1_84' title='bbox 1524 1409 1555 1470; x_wconf 92' lang='lat' dir='ltr'>iu</span> <span class='ocrx_word' id='word_1_85' title='bbox 1596 1418 1598 1439; x_wconf 85' lang='lat'><strong>¹</strong></span> 
     </span>
     <span class='ocr_line' id='line_1_12' title="bbox 88 1511 1555 1607; baseline -0.008 -21"><span class='ocrx_word' id='word_1_86' title='bbox 88 1542 210 1607; x_wconf 82' lang='lat' dir='ltr'><strong>paragr.</strong></span> <span class='ocrx_word' id='word_1_87' title='bbox 234 1521 310 1603; x_wconf 88' lang='grc'><strong>174,</strong></span> <span class='ocrx_word' id='word_1_88' title='bbox 341 1519 413 1601; x_wconf 78' lang='grc'><strong>175,</strong></span> <span class='ocrx_word' id='word_1_89' title='bbox 445 1519 507 1583; x_wconf 89' lang='grc'><strong>176</strong></span> <span class='ocrx_word' id='word_1_90' title='bbox 538 1521 569 1581; x_wconf 93' lang='lat' dir='ltr'><strong>et</strong></span> <span class='ocrx_word' id='word_1_91' title='bbox 600 1515 661 1579; x_wconf 92' lang='lat' dir='ltr'><strong>sub</strong></span> <span class='ocrx_word' id='word_1_92' title='bbox 689 1514 787 1580; x_wconf 93' lang='lat' dir='ltr'><strong>finem</strong></span> <span class='ocrx_word' id='word_1_93' title='bbox 815 1533 937 1597; x_wconf 83' lang='lat' dir='ltr'><strong>paragr.</strong></span> <span class='ocrx_word' id='word_1_94' title='bbox 962 1514 1023 1577; x_wconf 91' lang='grc'><strong>177</strong></span> <span class='ocrx_word' id='word_1_95' title='bbox 1054 1513 1093 1576; x_wconf 92' lang='lat' dir='ltr'><strong>de</strong></span> <span class='ocrx_word' id='word_1_96' title='bbox 1122 1511 1295 1596; x_wconf 90' lang='lat' dir='ltr'><strong>generibus</strong></span> <span class='ocrx_word' id='word_1_97' title='bbox 1318 1511 1443 1593; x_wconf 89' lang='lat' dir='ltr'><strong>salicis,</strong></span> <span class='ocrx_word' id='word_1_98' title='bbox 1473 1511 1555 1595; x_wconf 87' lang='lat' dir='ltr'><strong>apud</strong></span> 
     </span>
     <span class='ocr_line' id='line_1_13' title="bbox 90 1614 1553 1710; baseline -0.008 -20"><span class='ocrx_word' id='word_1_99' title='bbox 90 1627 344 1710; x_wconf 81' lang='lat' dir='ltr'><strong>Theophrastum</strong></span> <span class='ocrx_word' id='word_1_100' title='bbox 378 1627 515 1688; x_wconf 78' lang='lat' dir='ltr'><strong>exstant.</strong></span> <span class='ocrx_word' id='word_1_101' title='bbox 573 1617 663 1694; x_wconf 77' lang='lat' dir='ltr'><strong>Quae</strong></span> <span class='ocrx_word' id='word_1_102' title='bbox 696 1619 825 1682; x_wconf 88' lang='lat' dir='ltr'>Plinius</span> <span class='ocrx_word' id='word_1_103' title='bbox 869 1618 946 1681; x_wconf 89' lang='lat' dir='ltr'><strong>dicit</strong></span> <span class='ocrx_word' id='word_1_104' title='bbox 977 1619 1013 1680; x_wconf 92' lang='lat' dir='ltr'>in</span> <span class='ocrx_word' id='word_1_105' title='bbox 1046 1636 1168 1701; x_wconf 82' lang='lat' dir='ltr'><strong>paragr.</strong></span> <span class='ocrx_word' id='word_1_106' title='bbox 1203 1614 1265 1680; x_wconf 93' lang='grc'><strong>177</strong></span> <span class='ocrx_word' id='word_1_107' title='bbox 1305 1615 1346 1679; x_wconf 89' lang='lat' dir='ltr'><strong>de</strong></span> <span class='ocrx_word' id='word_1_108' title='bbox 1379 1615 1553 1699; x_wconf 87' lang='lat' dir='ltr'><strong>generibus</strong></span> 
     </span>
     <span class='ocr_line' id='line_1_14' title="bbox 94 1718 1558 1814; baseline -0.009 -19"><span class='ocrx_word' id='word_1_109' title='bbox 94 1731 212 1812; x_wconf 85' lang='lat' dir='ltr'><strong>salicis,</strong></span> <span class='ocrx_word' id='word_1_110' title='bbox 248 1728 333 1814; x_wconf 91' lang='lat' dir='ltr'><strong>apud</strong></span> <span class='ocrx_word' id='word_1_111' title='bbox 366 1727 618 1810; x_wconf 75' lang='lat' dir='ltr'><strong>Theophrastum</strong></span> <span class='ocrx_word' id='word_1_112' title='bbox 652 1728 781 1790; x_wconf 87' lang='lat' dir='ltr'><strong>exstant</strong></span> <span class='ocrx_word' id='word_1_113' title='bbox 812 1720 872 1803; x_wconf 83' lang='lat' dir='ltr'>III,</span> <span class='ocrx_word' id='word_1_114' title='bbox 907 1721 957 1804; x_wconf 86' lang='lat'><strong>13,</strong></span> <span class='ocrx_word' id='word_1_115' title='bbox 993 1723 1022 1786; x_wconf 92' lang='grc'><strong>7.</strong></span> <span class='ocrx_word' id='word_1_116' title='bbox 1077 1720 1285 1786; x_wconf 79' lang='lat' dir='ltr'><strong>Conferamus</strong></span> <span class='ocrx_word' id='word_1_117' title='bbox 1322 1720 1431 1803; x_wconf 89' lang='lat' dir='ltr'><strong>igitur</strong></span> <span class='ocrx_word' id='word_1_118' title='bbox 1464 1718 1558 1784; x_wconf 80' lang='lat' dir='ltr'><strong>verba·</strong></span> 
     </span>
     <span class='ocr_line' id='line_1_15' title="bbox 92 1835 279 1916; baseline -0.016 -18"><span class='ocrx_word' id='word_1_119' title='bbox 92 1835 279 1916; x_wconf 90' lang='lat' dir='ltr'><strong>utriusque:</strong></span> 
     </span>
    </p>

    <p class='ocr_par' dir='ltr' id='par_1_5' title="bbox 159 1959 1557 2045">
     <span class='ocr_line' id='line_1_16' title="bbox 159 1959 1557 2045; baseline -0.009 -20"><span class='ocrx_word' id='word_1_120' title='bbox 159 1968 294 2045; x_wconf 80' lang='grc' dir='ltr'>Πάρυδρον</span> <span class='ocrx_word' id='word_1_121' title='bbox 319 1971 347 2024; x_wconf 84' lang='grc' dir='ltr'><strong>δὲ</strong></span> <span class='ocrx_word' id='word_1_122' title='bbox 371 1971 416 2023; x_wconf 82' lang='grc' dir='ltr'><strong>καὶ</strong></span> <span class='ocrx_word' id='word_1_123' title='bbox 439 1966 532 2041; x_wconf 80' lang='grc' dir='ltr'>ὴέτέοι</span> <span class='ocrx_word' id='word_1_124' title='bbox 555 1968 599 2020; x_wconf 83' lang='grc' dir='ltr'><strong>καὶ</strong></span> <span class='ocrx_word' id='word_1_125' title='bbox 617 1965 757 2027; x_wconf 79' lang='grc' dir='ltr'>πολυειδὲς,</span> <span class='ocrx_word' id='word_1_126' title='bbox 781 1959 799 2034; x_wconf 76' lang='grc' dir='ltr'><strong>ἠ</strong></span> <span class='ocrx_word' id='word_1_127' title='bbox 923 1961 955 2016; x_wconf 86' lang='grc' dir='ltr'><strong>Ιιι</strong></span> <span class='ocrx_word' id='word_1_128' title='bbox 973 1961 1040 2016; x_wconf 78' lang='lat' dir='ltr'><strong>Asia</strong></span> <span class='ocrx_word' id='word_1_129' title='bbox 1059 1961 1112 2014; x_wconf 69' lang='lat' dir='ltr'><strong>uta</strong></span> <span class='ocrx_word' id='word_1_130' title='bbox 1129 1977 1224 2030; x_wconf 85' lang='lat' dir='ltr'><strong>genera</strong></span> <span class='ocrx_word' id='word_1_131' title='bbox 1242 1959 1405 2015; x_wconf 79' lang='lat' dir='ltr'><strong>observant:</strong></span> <span class='ocrx_word' id='word_1_132' title='bbox 1431 1961 1557 2030; x_wconf 82' lang='lat' dir='ltr'><strong>nigram</strong></span> 
     </span>
    </p>

    <p class='ocr_par' dir='ltr' id='par_1_6' title="bbox 89 2046 1563 2903">
     <span class='ocr_line' id='line_1_17' title="bbox 90 2046 1556 2132; baseline -0.009 -18"><span class='ocrx_word' id='word_1_133' title='bbox 90 2062 151 2132; x_wconf 79' lang='grc' dir='ltr'><strong>μὲν</strong></span> <span class='ocrx_word' id='word_1_134' title='bbox 170 2060 316 2131; x_wconf 80' lang='grc' dir='ltr'>μέλαινα</span> <span class='ocrx_word' id='word_1_135' title='bbox 334 2057 493 2127; x_wconf 74' lang='grc' dir='ltr'>καλουμένη,</span> <span class='ocrx_word' id='word_1_136' title='bbox 511 2058 550 2125; x_wconf 76' lang='grc' dir='ltr'><strong>τῷ</strong></span> <span class='ocrx_word' id='word_1_137' title='bbox 563 2051 608 2106; x_wconf 88' lang='grc' dir='ltr'><strong>τὸν</strong></span> <span class='ocrx_word' id='word_1_138' title='bbox 627 2050 716 2125; x_wconf 82' lang='grc' dir='ltr'>φλοιὸν</span> <span class='ocrx_word' id='word_1_139' title='bbox 730 2051 799 2125; x_wconf 82' lang='grc' dir='ltr'>ἔχειν</span> <span class='ocrx_word' id='word_1_140' title='bbox 852 2047 1036 2103; x_wconf 80' lang='lat' dir='ltr'><strong>utiliorem</strong></span> <span class='ocrx_word' id='word_1_141' title='bbox 1054 2046 1265 2115; x_wconf 83' lang='lat' dir='ltr'><strong>viminibus,</strong></span> <span class='ocrx_word' id='word_1_142' title='bbox 1283 2046 1478 2102; x_wconf 82' lang='lat' dir='ltr'><strong>candidam</strong></span> <span class='ocrx_word' id='word_1_143' title='bbox 1493 2047 1556 2116; x_wconf 81' lang='lat' dir='ltr'><strong>agri·</strong></span> 
     </span>
     <span class='ocr_line' id='line_1_18' title="bbox 91 2133 1563 2218; baseline -0.01 -18"><span class='ocrx_word' id='word_1_144' title='bbox 91 2147 192 2218; x_wconf 82' lang='grc' dir='ltr'>ρέλοινοι</span> <span class='ocrx_word' id='word_1_145' title='bbox 204 2146 249 2198; x_wconf 85' lang='grc' dir='ltr'>κοιλ</span> <span class='ocrx_word' id='word_1_146' title='bbox 262 2148 407 2217; x_wconf 76' lang='grc' dir='ltr'>φοινικοῦν·</span> <span class='ocrx_word' id='word_1_147' title='bbox 426 2139 443 2215; x_wconf 78' lang='grc' dir='ltr'>ἡ</span> <span class='ocrx_word' id='word_1_148' title='bbox 463 2143 497 2195; x_wconf 83' lang='grc' dir='ltr'><strong>δὲ</strong></span> <span class='ocrx_word' id='word_1_149' title='bbox 512 2139 630 2211; x_wconf 82' lang='grc' dir='ltr'>λευκὴ,</span> <span class='ocrx_word' id='word_1_150' title='bbox 650 2133 799 2210; x_wconf 76' lang='grc' dir='ltr'>τῲλεοκόν.</span> <span class='ocrx_word' id='word_1_151' title='bbox 853 2135 971 2190; x_wconf 86' lang='lat' dir='ltr'><strong>colurum</strong></span> <span class='ocrx_word' id='word_1_152' title='bbox 988 2135 1094 2203; x_wconf 84' lang='lat' dir='ltr'><strong>usibus,</strong></span> <span class='ocrx_word' id='word_1_153' title='bbox 1112 2134 1220 2189; x_wconf 76' lang='lat' dir='ltr'><strong>tertiam</strong></span> <span class='ocrx_word' id='word_1_154' title='bbox 1237 2148 1325 2202; x_wconf 85' lang='lat' dir='ltr'><strong>quae</strong></span> <span class='ocrx_word' id='word_1_155' title='bbox 1343 2133 1563 2189; x_wconf 82' lang='lat' dir='ltr'><strong>brevissime</strong></span> 
     </span>
     <span class='ocr_line' id='line_1_19' title="bbox 90 2222 1224 2305; baseline -0.011 -20"><span class='ocrx_word' id='word_1_156' title='bbox 90 2229 222 2290; x_wconf 68' lang='lat' dir='ltr'><strong>Kalaiou&lt;</strong></span> <span class='ocrx_word' id='word_1_157' title='bbox 247 2231 274 2284; x_wconf 86' lang='grc' dir='ltr'><strong>δὲ</strong></span> <span class='ocrx_word' id='word_1_158' title='bbox 293 2231 348 2305; x_wconf 76' lang='grc' dir='ltr'>ἔχει</span> <span class='ocrx_word' id='word_1_159' title='bbox 364 2228 411 2289; x_wconf 80' lang='grc' dir='ltr'><strong>τὰς</strong></span> <span class='ocrx_word' id='word_1_160' title='bbox 431 2225 574 2302; x_wconf 78' lang='grc' dir='ltr'>ῥάβδους</span> <span class='ocrx_word' id='word_1_161' title='bbox 599 2227 655 2278; x_wconf 84' lang='grc' dir='ltr'><strong>καὶ</strong></span> <span class='ocrx_word' id='word_1_162' title='bbox 678 2243 800 2299; x_wconf 82' lang='grc' dir='ltr'>χρηοι-</span> <span class='ocrx_word' id='word_1_163' title='bbox 852 2222 1073 2277; x_wconf 85' lang='lat' dir='ltr'><strong>esthelioem</strong></span> <span class='ocrx_word' id='word_1_164' title='bbox 1091 2224 1224 2276; x_wconf 80' lang='lat' dir='ltr'><strong>vocent.</strong></span> 
     </span>
     <span class='ocr_line' id='line_1_20' title="bbox 90 2308 799 2390; baseline -0.013 -18"><span class='ocrx_word' id='word_1_165' title='bbox 90 2319 247 2390; x_wconf 80' lang='grc' dir='ltr'>ρωτέροις</span> <span class='ocrx_word' id='word_1_166' title='bbox 281 2317 329 2376; x_wconf 81' lang='grc' dir='ltr'><strong>εἰς</strong></span> <span class='ocrx_word' id='word_1_167' title='bbox 363 2313 399 2369; x_wconf 88' lang='grc' dir='ltr'><strong>τὸ</strong></span> <span class='ocrx_word' id='word_1_168' title='bbox 426 2316 567 2369; x_wconf 79' lang='grc' dir='ltr'>πλέκειν</span> <span class='ocrx_word' id='word_1_169' title='bbox 596 2308 615 2383; x_wconf 82' lang='grc' dir='ltr'>ἡ</span> <span class='ocrx_word' id='word_1_170' title='bbox 643 2312 799 2382; x_wconf 82' lang='grc' dir='ltr'>μέλαινα·</span> 
     </span>
     <span class='ocr_line' id='line_1_21' title="bbox 89 2395 801 2478; baseline -0.013 -19"><span class='ocrx_word' id='word_1_171' title='bbox 89 2402 107 2478; x_wconf 78' lang='grc' dir='ltr'><strong>ἠ</strong></span> <span class='ocrx_word' id='word_1_172' title='bbox 136 2406 164 2459; x_wconf 85' lang='grc' dir='ltr'><strong>δὲ</strong></span> <span class='ocrx_word' id='word_1_173' title='bbox 188 2402 269 2476; x_wconf 81' lang='grc' dir='ltr'>λευκὴ</span> <span class='ocrx_word' id='word_1_174' title='bbox 291 2404 487 2476; x_wconf 80' lang='grc' dir='ltr'>καπυρωτέρας.</span> <span class='ocrx_word' id='word_1_175' title='bbox 532 2395 609 2453; x_wconf 81' lang='grc' dir='ltr'>Ἔστι</span> <span class='ocrx_word' id='word_1_176' title='bbox 633 2399 662 2453; x_wconf 84' lang='grc' dir='ltr'><strong>δὲ</strong></span> <span class='ocrx_word' id='word_1_177' title='bbox 686 2399 730 2452; x_wconf 86' lang='grc' dir='ltr'><strong>καὶ</strong></span> <span class='ocrx_word' id='word_1_178' title='bbox 754 2402 801 2468; x_wconf 82' lang='grc' dir='ltr'><strong>τῆς</strong></span> 
     </span>
     <span class='ocr_line' id='line_1_22' title="bbox 95 2483 799 2565; baseline -0.013 -19"><span class='ocrx_word' id='word_1_179' title='bbox 95 2493 220 2565; x_wconf 78' lang='grc' dir='ltr'><strong>μελαίνης</strong></span> <span class='ocrx_word' id='word_1_180' title='bbox 231 2492 276 2547; x_wconf 88' lang='grc' dir='ltr'><strong>καὶ</strong></span> <span class='ocrx_word' id='word_1_181' title='bbox 288 2495 336 2561; x_wconf 82' lang='grc' dir='ltr'><strong>τῆς</strong></span> <span class='ocrx_word' id='word_1_182' title='bbox 348 2491 443 2561; x_wconf 79' lang='grc' dir='ltr'>λευκῆς</span> <span class='ocrx_word' id='word_1_183' title='bbox 461 2487 547 2542; x_wconf 83' lang='grc' dir='ltr'>ἴδιον</span> <span class='ocrx_word' id='word_1_184' title='bbox 566 2489 663 2559; x_wconf 75' lang='grc' dir='ltr'>γένος</span> <span class='ocrx_word' id='word_1_185' title='bbox 682 2483 799 2557; x_wconf 77' lang='grc' dir='ltr'>μικρὸν</span> 
     </span>
     <span class='ocr_line' id='line_1_23' title="bbox 90 2566 800 2653; baseline -0.014 -19"><span class='ocrx_word' id='word_1_186' title='bbox 90 2581 148 2634; x_wconf 83' lang='grc' dir='ltr'><strong>καὶ</strong></span> <span class='ocrx_word' id='word_1_187' title='bbox 167 2575 228 2632; x_wconf 71' lang='grc' dir='ltr'><strong>οὐκ</strong></span> <span class='ocrx_word' id='word_1_188' title='bbox 247 2578 325 2653; x_wconf 83' lang='grc' dir='ltr'>έχον</span> <span class='ocrx_word' id='word_1_189' title='bbox 353 2571 494 2649; x_wconf 71' lang='grc' dir='ltr'>αὔξησιν</span> <span class='ocrx_word' id='word_1_190' title='bbox 520 2575 568 2633; x_wconf 79' lang='grc' dir='ltr'><strong>εἰς</strong></span> <span class='ocrx_word' id='word_1_191' title='bbox 592 2568 689 2646; x_wconf 71' lang='grc' dir='ltr'>ὕψος,</span> <span class='ocrx_word' id='word_1_192' title='bbox 715 2566 800 2643; x_wconf 76' lang='grc' dir='ltr'>ὥσπερ</span> 
     </span>
     <span class='ocr_line' id='line_1_24' title="bbox 92 2659 800 2733; baseline -0.016 -13"><span class='ocrx_word' id='word_1_193' title='bbox 92 2668 137 2720; x_wconf 86' lang='grc' dir='ltr'><strong>καὶ</strong></span> <span class='ocrx_word' id='word_1_194' title='bbox 166 2661 207 2719; x_wconf 78' lang='grc' dir='ltr'><strong>ἐπ’</strong></span> <span class='ocrx_word' id='word_1_195' title='bbox 228 2660 313 2718; x_wconf 79' lang='grc' dir='ltr'>ἄλλων</span> <span class='ocrx_word' id='word_1_196' title='bbox 340 2668 418 2717; x_wconf 79' lang='grc' dir='ltr'>τοῦτο</span> <span class='ocrx_word' id='word_1_197' title='bbox 449 2661 575 2733; x_wconf 84' lang='grc' dir='ltr'>δένδρων,</span> <span class='ocrx_word' id='word_1_198' title='bbox 611 2659 665 2712; x_wconf 83' lang='grc' dir='ltr'>οἷον</span> <span class='ocrx_word' id='word_1_199' title='bbox 698 2659 800 2730; x_wconf 76' lang='grc' dir='ltr'>κέδρον,</span> 
     </span>
     <span class='ocr_line' id='line_1_25' title="bbox 93 2739 802 2826; baseline -0.016 -20"><span class='ocrx_word' id='word_1_200' title='bbox 93 2750 216 2826; x_wconf 78' lang='grc' dir='ltr'>ρόινικος.</span> <span class='ocrx_word' id='word_1_201' title='bbox 252 2750 398 2802; x_wconf 84' lang='grc' dir='ltr'>καλοῦσι</span> <span class='ocrx_word' id='word_1_202' title='bbox 424 2749 451 2801; x_wconf 87' lang='grc' dir='ltr'><strong>δὲ</strong></span> <span class='ocrx_word' id='word_1_203' title='bbox 477 2747 501 2799; x_wconf 84' lang='lat' dir='ltr'><strong>ol</strong></span> <span class='ocrx_word' id='word_1_204' title='bbox 519 2747 578 2818; x_wconf 80' lang='grc' dir='ltr'>περὶ</span> <span class='ocrx_word' id='word_1_205' title='bbox 594 2741 728 2816; x_wconf 78' lang='grc' dir='ltr'>Ἀρκαδίαν</span> <span class='ocrx_word' id='word_1_206' title='bbox 754 2739 802 2796; x_wconf 66' lang='grc' dir='ltr'><strong>οὐκ</strong></span> 
     </span>
     <span class='ocr_line' id='line_1_26' title="bbox 93 2829 628 2903; baseline -0.019 -11"><span class='ocrx_word' id='word_1_207' title='bbox 93 2840 173 2901; x_wconf 84' lang='grc' dir='ltr'>ἰτέαν,</span> <span class='ocrx_word' id='word_1_208' title='bbox 193 2833 260 2890; x_wconf 80' lang='grc' dir='ltr'>ἀλλὰ</span> <span class='ocrx_word' id='word_1_209' title='bbox 277 2833 399 2903; x_wconf 80' lang='grc' dir='ltr'>ἑλίκην</span> <span class='ocrx_word' id='word_1_210' title='bbox 418 2829 452 2884; x_wconf 83' lang='grc' dir='ltr'><strong>τὸ</strong></span> <span class='ocrx_word' id='word_1_211' title='bbox 471 2832 628 2903; x_wconf 78' lang='grc' dir='ltr'>δένδρον·</span> 
     </span>
    </p>
   </div>
   <div class='ocr_carea' id='block_1_4' title="bbox 95 2968 1560 4303">
    <p class='ocr_par' dir='ltr' id='par_1_7' title="bbox 95 2968 1560 4303">
     <span class='ocr_line' id='line_1_27' title="bbox 198 2968 1559 3055; baseline -0.002 -19"><span class='ocrx_word' id='word_1_212' title='bbox 198 2973 289 3036; x_wconf 83' lang='grc' dir='ltr'>Ηοοο</span> <span class='ocrx_word' id='word_1_213' title='bbox 323 2991 402 3034; x_wconf 93' lang='lat' dir='ltr'><strong>num</strong></span> <span class='ocrx_word' id='word_1_214' title='bbox 435 2970 648 3054; x_wconf 85' lang='lat' dir='ltr'><strong>Theophrasto</strong></span> <span class='ocrx_word' id='word_1_215' title='bbox 678 2968 865 3052; x_wconf 85' lang='lat' dir='ltr'><strong>debeantur,</strong></span> <span class='ocrx_word' id='word_1_216' title='bbox 900 2968 1036 3033; x_wconf 92' lang='lat' dir='ltr'><strong>dubium</strong></span> <span class='ocrx_word' id='word_1_217' title='bbox 1070 2969 1172 3033; x_wconf 87' lang='lat' dir='ltr'><strong>videri</strong></span> <span class='ocrx_word' id='word_1_218' title='bbox 1201 2972 1316 3051; x_wconf 77' lang='lat' dir='ltr'><strong>potest,</strong></span> <span class='ocrx_word' id='word_1_219' title='bbox 1352 2986 1446 3050; x_wconf 82' lang='lat' dir='ltr'><strong>oum,</strong></span> <span class='ocrx_word' id='word_1_220' title='bbox 1482 2986 1559 3055; x_wconf 84' lang='lat' dir='ltr'><strong>quae</strong></span> 
     </span>
     <span class='ocr_line' id='line_1_28' title="bbox 95 3073 1559 3157; baseline -0.005 -13"><span class='ocrx_word' id='word_1_221' title='bbox 95 3077 290 3143; x_wconf 89' lang='lat' dir='ltr'><strong>antecedunt</strong></span> <span class='ocrx_word' id='word_1_222' title='bbox 319 3074 395 3138; x_wconf 90' lang='lat' dir='ltr'><strong>inde</strong></span> <span class='ocrx_word' id='word_1_223' title='bbox 425 3094 444 3137; x_wconf 89' lang='lat' dir='ltr'><strong>a</strong></span> <span class='ocrx_word' id='word_1_224' title='bbox 472 3094 595 3157; x_wconf 87' lang='lat' dir='ltr'><strong>paragr.</strong></span> <span class='ocrx_word' id='word_1_225' title='bbox 623 3073 684 3137; x_wconf 85' lang='grc'><strong>173</strong></span> <span class='ocrx_word' id='word_1_226' title='bbox 714 3073 846 3137; x_wconf 88' lang='lat' dir='ltr'><strong>aliunde</strong></span> <span class='ocrx_word' id='word_1_227' title='bbox 875 3078 1003 3157; x_wconf 92' lang='lat' dir='ltr'><strong>sumpta</strong></span> <span class='ocrx_word' id='word_1_228' title='bbox 1034 3073 1109 3153; x_wconf 89' lang='lat' dir='ltr'><strong>sint,</strong></span> <span class='ocrx_word' id='word_1_229' title='bbox 1139 3090 1255 3154; x_wconf 79' lang='lat' dir='ltr'><strong>neque,</strong></span> <span class='ocrx_word' id='word_1_230' title='bbox 1289 3090 1374 3154; x_wconf 88' lang='lat' dir='ltr'><strong>quae</strong></span> <span class='ocrx_word' id='word_1_231' title='bbox 1407 3078 1559 3141; x_wconf 84' lang='lat' dir='ltr'><strong>secuntur</strong></span> 
     </span>
     <span class='ocr_line' id='line_1_29' title="bbox 95 3175 1556 3262; baseline -0.003 -16"><span class='ocrx_word' id='word_1_232' title='bbox 95 3185 131 3246; x_wconf 91' lang='lat' dir='ltr'>in</span> <span class='ocrx_word' id='word_1_233' title='bbox 154 3183 214 3244; x_wconf 87' lang='lat' dir='ltr'><strong>hac</strong></span> <span class='ocrx_word' id='word_1_234' title='bbox 236 3177 432 3262; x_wconf 85' lang='lat' dir='ltr'><strong>paragrapho</strong></span> <span class='ocrx_word' id='word_1_235' title='bbox 456 3177 543 3260; x_wconf 85' lang='lat' dir='ltr'><strong>apud</strong></span> <span class='ocrx_word' id='word_1_236' title='bbox 565 3175 816 3260; x_wconf 85' lang='lat' dir='ltr'><strong>Theophrastum</strong></span> <span class='ocrx_word' id='word_1_237' title='bbox 847 3181 985 3257; x_wconf 84' lang='lat' dir='ltr'><strong>exstent,</strong></span> <span class='ocrx_word' id='word_1_238' title='bbox 1015 3195 1123 3260; x_wconf 86' lang='lat' dir='ltr'><strong>neque</strong></span> <span class='ocrx_word' id='word_1_239' title='bbox 1145 3177 1223 3240; x_wconf 89' lang='lat' dir='ltr'><strong>haec</strong></span> <span class='ocrx_word' id='word_1_240' title='bbox 1245 3177 1318 3260; x_wconf 87' lang='lat' dir='ltr'><strong>ipsa</strong></span> <span class='ocrx_word' id='word_1_241' title='bbox 1339 3176 1443 3260; x_wconf 88' lang='lat' dir='ltr'><strong>plane</strong></span> <span class='ocrx_word' id='word_1_242' title='bbox 1466 3176 1556 3242; x_wconf 73' lang='lat' dir='ltr'><strong>Thes</strong></span> 
     </span>
     <span class='ocr_line' id='line_1_30' title="bbox 96 3279 1555 3370; baseline -0.003 -23"><span class='ocrx_word' id='word_1_243' title='bbox 96 3285 216 3370; x_wconf 91' lang='lat' dir='ltr'><strong>phrasti</strong></span> <span class='ocrx_word' id='word_1_244' title='bbox 239 3279 345 3345; x_wconf 87' lang='lat' dir='ltr'><strong>verbis</strong></span> <span class='ocrx_word' id='word_1_245' title='bbox 368 3280 588 3363; x_wconf 89' lang='lat' dir='ltr'><strong>respondeant</strong></span> <span class='ocrx_word' id='word_1_246' title='bbox 633 3279 716 3343; x_wconf 91' lang='lat' dir='ltr'><strong>Nam</strong></span> <span class='ocrx_word' id='word_1_247' title='bbox 738 3281 796 3344; x_wconf 86' lang='lat' dir='ltr'><strong>has</strong></span> <span class='ocrx_word' id='word_1_248' title='bbox 818 3283 853 3344; x_wconf 94' lang='lat' dir='ltr'>in</span> <span class='ocrx_word' id='word_1_249' title='bbox 876 3282 955 3344; x_wconf 84' lang='lat' dir='ltr'><strong>Asia</strong></span> <span class='ocrx_word' id='word_1_250' title='bbox 986 3282 1076 3344; x_wconf 91' lang='lat' dir='ltr'><strong>nasci</strong></span> <span class='ocrx_word' id='word_1_251' title='bbox 1099 3280 1185 3365; x_wconf 89' lang='lat' dir='ltr'><strong>apud</strong></span> <span class='ocrx_word' id='word_1_252' title='bbox 1207 3279 1470 3364; x_wconf 86' lang='lat' dir='ltr'><strong>Theophrastum</strong></span> <span class='ocrx_word' id='word_1_253' title='bbox 1499 3299 1555 3344; x_wconf 93' lang='lat' dir='ltr'><strong>non</strong></span> 
     </span>
     <span class='ocr_line' id='line_1_31' title="bbox 98 3383 1560 3467; baseline -0.003 -13"><span class='ocrx_word' id='word_1_254' title='bbox 98 3393 202 3454; x_wconf 85' lang='lat' dir='ltr'><strong>exstat</strong></span> <span class='ocrx_word' id='word_1_255' title='bbox 224 3402 331 3467; x_wconf 90' lang='lat' dir='ltr'><strong>neque</strong></span> <span class='ocrx_word' id='word_1_256' title='bbox 355 3383 566 3466; x_wconf 86' lang='lat' dir='ltr'><strong>agricolarum</strong></span> <span class='ocrx_word' id='word_1_257' title='bbox 596 3384 712 3448; x_wconf 90' lang='lat' dir='ltr'><strong>usibus</strong></span> <span class='ocrx_word' id='word_1_258' title='bbox 736 3385 904 3448; x_wconf 89' lang='lat' dir='ltr'><strong>candidam</strong></span> <span class='ocrx_word' id='word_1_259' title='bbox 928 3385 1090 3449; x_wconf 88' lang='lat' dir='ltr'><strong>utiliorem</strong></span> <span class='ocrx_word' id='word_1_260' title='bbox 1120 3404 1205 3464; x_wconf 88' lang='lat' dir='ltr'><strong>esse;</strong></span> <span class='ocrx_word' id='word_1_261' title='bbox 1237 3403 1304 3447; x_wconf 93' lang='lat' dir='ltr'><strong>non</strong></span> <span class='ocrx_word' id='word_1_262' title='bbox 1327 3383 1409 3448; x_wconf 91' lang='lat' dir='ltr'><strong>dicit</strong></span> <span class='ocrx_word' id='word_1_263' title='bbox 1434 3385 1560 3449; x_wconf 75' lang='lat' dir='ltr'>Plinius</span> 
     </span>
     <span class='ocr_line' id='line_1_32' title="bbox 97 3484 1556 3571; baseline -0.002 -15"><span class='ocrx_word' id='word_1_264' title='bbox 97 3492 227 3556; x_wconf 87' lang='lat' dir='ltr'><strong>tertium</strong></span> <span class='ocrx_word' id='word_1_265' title='bbox 250 3484 331 3550; x_wconf 90' lang='lat' dir='ltr'><strong>illud</strong></span> <span class='ocrx_word' id='word_1_266' title='bbox 353 3504 457 3569; x_wconf 90' lang='lat' dir='ltr'><strong>genus</strong></span> <span class='ocrx_word' id='word_1_267' title='bbox 480 3488 520 3549; x_wconf 95' lang='lat' dir='ltr'>in</span> <span class='ocrx_word' id='word_1_268' title='bbox 543 3488 726 3550; x_wconf 86' lang='lat' dir='ltr'><strong>Arcadia</strong></span> <span class='ocrx_word' id='word_1_269' title='bbox 754 3487 887 3551; x_wconf 82' lang='lat' dir='ltr'><strong>helicem</strong></span> <span class='ocrx_word' id='word_1_270' title='bbox 916 3489 1034 3552; x_wconf 86' lang='lat' dir='ltr'><strong>vocari.</strong></span> <span class='ocrx_word' id='word_1_271' title='bbox 1081 3487 1143 3553; x_wconf 86' lang='lat' dir='ltr'><strong>Sed</strong></span> <span class='ocrx_word' id='word_1_272' title='bbox 1173 3493 1281 3552; x_wconf 90' lang='lat' dir='ltr'><strong>tamen</strong></span> <span class='ocrx_word' id='word_1_273' title='bbox 1310 3493 1391 3571; x_wconf 92' lang='lat' dir='ltr'><strong>puto</strong></span> <span class='ocrx_word' id='word_1_274' title='bbox 1415 3488 1556 3553; x_wconf 84' lang='lat' dir='ltr'>Plinium</span> 
     </span>
     <span class='ocr_line' id='line_1_33' title="bbox 97 3589 1554 3677; baseline -0.001 -19"><span class='ocrx_word' id='word_1_275' title='bbox 97 3596 150 3658; x_wconf 93' lang='lat' dir='ltr'><strong>hic</strong></span> <span class='ocrx_word' id='word_1_276' title='bbox 172 3590 385 3673; x_wconf 89' lang='lat' dir='ltr'><strong>Theophrasto</strong></span> <span class='ocrx_word' id='word_1_277' title='bbox 408 3591 478 3672; x_wconf 88' lang='lat' dir='ltr'><strong>ipso</strong></span> <span class='ocrx_word' id='word_1_278' title='bbox 502 3608 599 3653; x_wconf 90' lang='lat' dir='ltr'><strong>usum</strong></span> <span class='ocrx_word' id='word_1_279' title='bbox 622 3608 693 3654; x_wconf 88' lang='lat' dir='ltr'><strong>esse</strong></span> <span class='ocrx_word' id='word_1_280' title='bbox 716 3589 756 3653; x_wconf 96' lang='lat' dir='ltr'><strong>ob</strong></span> <span class='ocrx_word' id='word_1_281' title='bbox 773 3590 817 3672; x_wconf 89' lang='lat' dir='ltr'><strong>id,</strong></span> <span class='ocrx_word' id='word_1_282' title='bbox 841 3592 927 3674; x_wconf 92' lang='lat' dir='ltr'><strong>quod</strong></span> <span class='ocrx_word' id='word_1_283' title='bbox 950 3610 1035 3655; x_wconf 89' lang='lat' dir='ltr'><strong>error</strong></span> <span class='ocrx_word' id='word_1_284' title='bbox 1057 3591 1158 3675; x_wconf 90' lang='lat' dir='ltr'>aliqui</span> <span class='ocrx_word' id='word_1_285' title='bbox 1173 3592 1350 3673; x_wconf 87' lang='lat' dir='ltr'><strong>invenitur,</strong></span> <span class='ocrx_word' id='word_1_286' title='bbox 1375 3612 1479 3677; x_wconf 86' lang='lat' dir='ltr'><strong>quern</strong></span> <span class='ocrx_word' id='word_1_287' title='bbox 1500 3592 1554 3657; x_wconf 89' lang='lat' dir='ltr'><strong>nisi</strong></span> 
     </span>
     <span class='ocr_line' id='line_1_34' title="bbox 99 3693 1555 3781; baseline 0 -20"><span class='ocrx_word' id='word_1_288' title='bbox 99 3697 207 3761; x_wconf 91' lang='lat' dir='ltr'>Plinio</span> <span class='ocrx_word' id='word_1_289' title='bbox 237 3693 289 3756; x_wconf 89' lang='lat' dir='ltr'>alii</span> <span class='ocrx_word' id='word_1_290' title='bbox 314 3694 435 3755; x_wconf 90' lang='lat' dir='ltr'><strong>auctori</strong></span> <span class='ocrx_word' id='word_1_291' title='bbox 458 3693 615 3775; x_wconf 89' lang='lat' dir='ltr'><strong>imputare</strong></span> <span class='ocrx_word' id='word_1_292' title='bbox 646 3711 712 3756; x_wconf 92' lang='lat' dir='ltr'><strong>non</strong></span> <span class='ocrx_word' id='word_1_293' title='bbox 735 3712 917 3777; x_wconf 87' lang='lat' dir='ltr'><strong>possumus.</strong></span> <span class='ocrx_word' id='word_1_294' title='bbox 962 3694 1050 3759; x_wconf 84' lang='lat' dir='ltr'><strong>Dicit</strong></span> <span class='ocrx_word' id='word_1_295' title='bbox 1081 3698 1168 3760; x_wconf 91' lang='lat' dir='ltr'><strong>enim</strong></span> <span class='ocrx_word' id='word_1_296' title='bbox 1190 3693 1452 3779; x_wconf 82' lang='lat' dir='ltr'><strong>Theophrastus:</strong></span> <span class='ocrx_word' id='word_1_297' title='bbox 1486 3696 1555 3781; x_wconf 71' lang='lat' dir='ltr'><strong>„aa</strong></span> 
     </span>
     <span class='ocr_line' id='line_1_35' title="bbox 98 3794 1555 3882; baseline 0 -17"><span class='ocrx_word' id='word_1_298' title='bbox 98 3806 129 3865; x_wconf 90' lang='lat' dir='ltr'><strong>et</strong></span> <span class='ocrx_word' id='word_1_299' title='bbox 163 3800 274 3881; x_wconf 89' lang='lat' dir='ltr'><strong>nigrae</strong></span> <span class='ocrx_word' id='word_1_300' title='bbox 308 3800 339 3859; x_wconf 93' lang='lat' dir='ltr'><strong>et</strong></span> <span class='ocrx_word' id='word_1_301' title='bbox 373 3794 530 3859; x_wconf 89' lang='lat' dir='ltr'><strong>candidae</strong></span> <span class='ocrx_word' id='word_1_302' title='bbox 563 3798 725 3880; x_wconf 88' lang='lat' dir='ltr'><strong>proprium</strong></span> <span class='ocrx_word' id='word_1_303' title='bbox 760 3816 864 3880; x_wconf 88' lang='lat' dir='ltr'><strong>genus</strong></span> <span class='ocrx_word' id='word_1_304' title='bbox 898 3819 1043 3881; x_wconf 86' lang='lat' dir='ltr'><strong>parvum,</strong></span> <span class='ocrx_word' id='word_1_305' title='bbox 1078 3799 1165 3882; x_wconf 91' lang='lat' dir='ltr'><strong>quod</strong></span> <span class='ocrx_word' id='word_1_306' title='bbox 1195 3818 1262 3862; x_wconf 94' lang='lat' dir='ltr'><strong>non</strong></span> <span class='ocrx_word' id='word_1_307' title='bbox 1296 3800 1331 3862; x_wconf 93' lang='lat' dir='ltr'>in</span> <span class='ocrx_word' id='word_1_308' title='bbox 1354 3799 1555 3867; x_wconf 87' lang='lat' dir='ltr'><strong>altitudinem</strong></span> 
     </span>
     <span class='ocr_line' id='line_1_36' title="bbox 100 3897 1558 3983; baseline -0.001 -15"><span class='ocrx_word' id='word_1_309' title='bbox 100 3904 223 3983; x_wconf 81' lang='lat' dir='ltr'><strong>crescit,</strong></span> <span class='ocrx_word' id='word_1_310' title='bbox 256 3897 349 3982; x_wconf 91' lang='lat' dir='ltr'><strong>quale</strong></span> <span class='ocrx_word' id='word_1_311' title='bbox 380 3899 474 3961; x_wconf 90' lang='lat' dir='ltr'><strong>etiam</strong></span> <span class='ocrx_word' id='word_1_312' title='bbox 504 3899 538 3961; x_wconf 91' lang='lat' dir='ltr'>in</span> <span class='ocrx_word' id='word_1_313' title='bbox 570 3901 683 3963; x_wconf 88' lang='lat' dir='ltr'><strong>ceteris</strong></span> <span class='ocrx_word' id='word_1_314' title='bbox 712 3900 879 3965; x_wconf 91' lang='lat' dir='ltr'><strong>arboribus</strong></span> <span class='ocrx_word' id='word_1_315' title='bbox 901 3904 1096 3966; x_wconf 84' lang='lat' dir='ltr'><strong>invenitur“.</strong></span> <span class='ocrx_word' id='word_1_316' title='bbox 1141 3903 1270 3968; x_wconf 92' lang='lat' dir='ltr'>Plinius</span> <span class='ocrx_word' id='word_1_317' title='bbox 1300 3921 1343 3967; x_wconf 85' lang='lat' dir='ltr'><strong>ex</strong></span> <span class='ocrx_word' id='word_1_318' title='bbox 1372 3904 1428 3969; x_wconf 91' lang='lat' dir='ltr'><strong>his</strong></span> <span class='ocrx_word' id='word_1_319' title='bbox 1459 3905 1558 3972; x_wconf 85' lang='lat' dir='ltr'><strong>verbis</strong></span> 
     </span>
     <span class='ocr_line' id='line_1_37' title="bbox 100 4001 1556 4095; baseline 0.001 -26"><span class='ocrx_word' id='word_1_320' title='bbox 100 4023 221 4070; x_wconf 86' lang='lat' dir='ltr'><strong>novum</strong></span> <span class='ocrx_word' id='word_1_321' title='bbox 252 4001 382 4064; x_wconf 88' lang='lat' dir='ltr'><strong>tertium</strong></span> <span class='ocrx_word' id='word_1_322' title='bbox 410 4019 513 4083; x_wconf 90' lang='lat' dir='ltr'><strong>genus</strong></span> <span class='ocrx_word' id='word_1_323' title='bbox 542 4002 647 4067; x_wconf 88' lang='lat' dir='ltr'><strong>salicis</strong></span> <span class='ocrx_word' id='word_1_324' title='bbox 677 4004 738 4067; x_wconf 88' lang='lat' dir='ltr'><strong>sibi</strong></span> <span class='ocrx_word' id='word_1_325' title='bbox 766 4004 864 4068; x_wconf 85' lang='lat' dir='ltr'><strong>finxit</strong></span> <span class='ocrx_word' id='word_1_326' title='bbox 891 4012 1015 4089; x_wconf 86' lang='lat' dir='ltr'><strong>praeter</strong></span> <span class='ocrx_word' id='word_1_327' title='bbox 1038 4010 1162 4091; x_wconf 91' lang='lat' dir='ltr'><strong>nigram</strong></span> <span class='ocrx_word' id='word_1_328' title='bbox 1190 4014 1221 4072; x_wconf 91' lang='lat' dir='ltr'><strong>et</strong></span> <span class='ocrx_word' id='word_1_329' title='bbox 1252 4006 1437 4092; x_wconf 87' lang='lat' dir='ltr'><strong>candidam,</strong></span> <span class='ocrx_word' id='word_1_330' title='bbox 1471 4012 1556 4095; x_wconf 87' lang='lat' dir='ltr'><strong>eique</strong></span> 
     </span>
     <span class='ocr_line' id='line_1_38' title="bbox 102 4104 1553 4197; baseline 0 -23"><span class='ocrx_word' id='word_1_331' title='bbox 102 4105 257 4174; x_wconf 87' lang='lat' dir='ltr'><strong>adtribuit</strong></span> <span class='ocrx_word' id='word_1_332' title='bbox 286 4121 403 4167; x_wconf 88' lang='lat' dir='ltr'><strong>nomon</strong></span> <span class='ocrx_word' id='word_1_333' title='bbox 434 4104 587 4188; x_wconf 85' lang='lat' dir='ltr'><strong>„helice“,</strong></span> <span class='ocrx_word' id='word_1_334' title='bbox 619 4107 705 4189; x_wconf 92' lang='lat' dir='ltr'><strong>quod</strong></span> <span class='ocrx_word' id='word_1_335' title='bbox 737 4109 878 4173; x_wconf 88' lang='lat' dir='ltr'><strong>Arcades</strong></span> <span class='ocrx_word' id='word_1_336' title='bbox 908 4109 983 4174; x_wconf 85' lang='lat' dir='ltr'><strong>dara</strong></span> <span class='ocrx_word' id='word_1_337' title='bbox 1009 4115 1050 4195; x_wconf 80' lang='grc' dir='ltr'><strong>τῷ</strong></span> <span class='ocrx_word' id='word_1_338' title='bbox 1070 4110 1179 4197; x_wconf 79' lang='grc' dir='ltr'>δένδρῳ</span> <span class='ocrx_word' id='word_1_339' title='bbox 1202 4110 1446 4195; x_wconf 90' lang='lat' dir='ltr'><strong>Theophrastus</strong></span> <span class='ocrx_word' id='word_1_340' title='bbox 1478 4115 1553 4179; x_wconf 87' lang='lat' dir='ltr'><strong>dicit.</strong></span> 
     </span>
     <span class='ocr_line' id='line_1_39' title="bbox 102 4209 1560 4303; baseline 0.002 -25"><span class='ocrx_word' id='word_1_341' title='bbox 102 4213 165 4278; x_wconf 81' lang='lat' dir='ltr'><strong>Sed</strong></span> <span class='ocrx_word' id='word_1_342' title='bbox 199 4210 277 4274; x_wconf 90' lang='lat' dir='ltr'><strong>haec</strong></span> <span class='ocrx_word' id='word_1_343' title='bbox 312 4210 395 4270; x_wconf 88' lang='lat' dir='ltr'><strong>certe</strong></span> <span class='ocrx_word' id='word_1_344' title='bbox 428 4226 494 4270; x_wconf 92' lang='lat' dir='ltr'><strong>non</strong></span> <span class='ocrx_word' id='word_1_345' title='bbox 529 4209 569 4271; x_wconf 89' lang='lat' dir='ltr'><strong>ad</strong></span> <span class='ocrx_word' id='word_1_346' title='bbox 603 4209 690 4272; x_wconf 89' lang='lat' dir='ltr'><strong>aliud</strong></span> <span class='ocrx_word' id='word_1_347' title='bbox 726 4215 891 4295; x_wconf 89' lang='lat' dir='ltr'><strong>proprium</strong></span> <span class='ocrx_word' id='word_1_348' title='bbox 926 4213 1033 4278; x_wconf 89' lang='lat' dir='ltr'><strong>salicis</strong></span> <span class='ocrx_word' id='word_1_349' title='bbox 1067 4216 1222 4280; x_wconf 88' lang='lat' dir='ltr'><strong>candidae</strong></span> <span class='ocrx_word' id='word_1_350' title='bbox 1252 4220 1283 4281; x_wconf 93' lang='lat' dir='ltr'><strong>et</strong></span> <span class='ocrx_word' id='word_1_351' title='bbox 1312 4215 1429 4299; x_wconf 87' lang='lat' dir='ltr'><strong>nigrae</strong></span> <span class='ocrx_word' id='word_1_352' title='bbox 1463 4234 1560 4303; x_wconf 80' lang='lat' dir='ltr'><strong>genus</strong></span> 
     </span>
    </p>
   </div>
   <div class='ocr_carea' id='block_1_5' title="bbox 100 4310 1556 4485">
    <p class='ocr_par' dir='ltr' id='par_1_8' title="bbox 100 4310 1556 4485">
     <span class='ocr_line' id='line_1_40' title="bbox 100 4310 1556 4418; baseline 0.002 -39"><span class='ocrx_word' id='word_1_353' title='bbox 100 4312 264 4381; x_wconf 87' lang='lat' dir='ltr'><strong>referenda</strong></span> <span class='ocrx_word' id='word_1_354' title='bbox 294 4314 379 4418; x_wconf 86' lang='lat' dir='ltr'><strong>suut,</strong></span> <span class='ocrx_word' id='word_1_355' title='bbox 415 4310 471 4373; x_wconf 88' lang='lat' dir='ltr'><strong>sed</strong></span> <span class='ocrx_word' id='word_1_356' title='bbox 502 4311 542 4373; x_wconf 91' lang='lat' dir='ltr'><strong>ad</strong></span> <span class='ocrx_word' id='word_1_357' title='bbox 573 4312 700 4376; x_wconf 88' lang='lat' dir='ltr'><strong>salicem</strong></span> <span class='ocrx_word' id='word_1_358' title='bbox 725 4317 864 4379; x_wconf 86' lang='lat' dir='ltr'><strong>omnino.</strong></span> <span class='ocrx_word' id='word_1_359' title='bbox 921 4315 1002 4381; x_wconf 87' lang='lat' dir='ltr'><strong>Mire</strong></span> <span class='ocrx_word' id='word_1_360' title='bbox 1031 4319 1131 4401; x_wconf 88' lang='lat' dir='ltr'><strong>igitur</strong></span> <span class='ocrx_word' id='word_1_361' title='bbox 1162 4319 1219 4383; x_wconf 90' lang='lat' dir='ltr'><strong>has</strong></span> <span class='ocrx_word' id='word_1_362' title='bbox 1250 4318 1334 4385; x_wconf 86' lang='lat' dir='ltr'><strong>duas</strong></span> <span class='ocrx_word' id='word_1_363' title='bbox 1354 4318 1556 4407; x_wconf 81' lang='lat' dir='ltr'><strong>Theophrasti</strong></span> 
     </span>
     <span class='ocr_line' id='line_1_41' title="bbox 105 4411 662 4485; baseline -0.011 0"><span class='ocrx_word' id='word_1_364' title='bbox 105 4416 281 4485; x_wconf 86' lang='lat' dir='ltr'><strong>sententias</strong></span> <span class='ocrx_word' id='word_1_365' title='bbox 303 4411 431 4476; x_wconf 91' lang='lat' dir='ltr'>Plinius</span> <span class='ocrx_word' id='word_1_366' title='bbox 453 4415 662 4479; x_wconf 89' lang='lat' dir='ltr'><strong>commiscuit.</strong></span> 
     </span>
    </p>
   </div>
   <div class='ocr_carea' id='block_1_6' title="bbox 206 4532 1563 4639">
    <p class='ocr_par' dir='ltr' id='par_1_9' title="bbox 206 4532 1563 4639">
     <span class='ocr_line' id='line_1_42' title="bbox 206 4532 1563 4639; baseline 0.009 -40"><span class='ocrx_word' id='word_1_367' title='bbox 206 4533 296 4598; x_wconf 84' lang='lat' dir='ltr'><strong>Certe</strong></span> <span class='ocrx_word' id='word_1_368' title='bbox 320 4532 499 4597; x_wconf 89' lang='lat' dir='ltr'><strong>secundum</strong></span> <span class='ocrx_word' id='word_1_369' title='bbox 514 4533 765 4619; x_wconf 90' lang='lat' dir='ltr'><strong>Theophrastum</strong></span> <span class='ocrx_word' id='word_1_370' title='bbox 787 4539 873 4623; x_wconf 89' lang='lat' dir='ltr'><strong>apud</strong></span> <span class='ocrx_word' id='word_1_371' title='bbox 889 4540 1033 4605; x_wconf 91' lang='lat' dir='ltr'>Plinium</span> <span class='ocrx_word' id='word_1_372' title='bbox 1057 4543 1295 4608; x_wconf 88' lang='lat' dir='ltr'><strong>restituendum</strong></span> <span class='ocrx_word' id='word_1_373' title='bbox 1318 4549 1370 4610; x_wconf 86' lang='lat' dir='ltr'><strong>est</strong></span> <span class='ocrx_word' id='word_1_374' title='bbox 1387 4546 1563 4639; x_wconf 62' lang='grc' dir='ltr'><strong>,,λιολὶοοιι“τ</strong></span> 
     </span>
    </p>
   </div>
   <div class='ocr_carea' id='block_1_7' title="bbox 102 4634 1562 4814">
    <p class='ocr_par' dir='ltr' id='par_1_10' title="bbox 102 4634 1562 4814">
     <span class='ocr_line' id='line_1_43' title="bbox 104 4634 1562 4738; baseline 0.002 -32"><span class='ocrx_word' id='word_1_375' title='bbox 104 4640 191 4727; x_wconf 92' lang='lat' dir='ltr'><strong>quod</strong></span> <span class='ocrx_word' id='word_1_376' title='bbox 225 4634 404 4721; x_wconf 89' lang='lat' dir='ltr'><strong>postulatur</strong></span> <span class='ocrx_word' id='word_1_377' title='bbox 436 4635 642 4721; x_wconf 88' lang='lat' dir='ltr'><strong>Theophrasti</strong></span> <span class='ocrx_word' id='word_1_378' title='bbox 683 4643 812 4706; x_wconf 87' lang='lat' dir='ltr'><strong>nomine</strong></span> <span class='ocrx_word' id='word_1_379' title='bbox 851 4641 1002 4726; x_wconf 80' lang='grc' dir='ltr'>,,ἑλίκκ,ν“,</span> <span class='ocrx_word' id='word_1_380' title='bbox 1040 4664 1114 4709; x_wconf 92' lang='lat' dir='ltr'><strong>cum</strong></span> <span class='ocrx_word' id='word_1_381' title='bbox 1155 4647 1332 4728; x_wconf 78' lang='lat' dir='ltr'><strong>„helicem‘</strong></span> <span class='ocrx_word' id='word_1_382' title='bbox 1372 4652 1562 4738; x_wconf 70' lang='lat' dir='ltr'><strong>respondeat</strong></span> 
     </span>
     <span class='ocr_line' id='line_1_44' title="bbox 102 4737 523 4814; baseline -0.021 -4"><span class='ocrx_word' id='word_1_383' title='bbox 102 4742 228 4809; x_wconf 89' lang='lat' dir='ltr'><strong>nomini</strong></span> <span class='ocrx_word' id='word_1_384' title='bbox 251 4737 371 4802; x_wconf 81' lang='lat' dir='ltr'><strong>Graeco</strong></span> <span class='ocrx_word' id='word_1_385' title='bbox 395 4738 523 4814; x_wconf 78' lang='grc' dir='ltr'>,,ἓ’λικοι“.</span> 
     </span>
    </p>
   </div>
   <div class='ocr_carea' id='block_1_8' title="bbox 211 4968 407 5113">
    <p class='ocr_par' dir='ltr' id='par_1_11' title="bbox 211 4968 407 5113">
     <span class='ocr_line' id='line_1_45' title="bbox 211 4968 407 5113; baseline -0.01 0"><span class='ocrx_word' id='word_1_386' title='bbox 211 4968 407 5113; x_wconf 65' lang='grc' dir='ltr'><strong>,Α</strong></span> 
     </span>
    </p>
   </div>
   <div class='ocr_carea' id='block_1_9' title="bbox 0 0 1676 5436">
    <p class='ocr_par' dir='ltr' id='par_1_12' title="bbox 0 0 1676 5436">
     <span class='ocr_line' id='line_1_46' title="bbox 0 0 1676 5436; baseline 0 0"><span class='ocrx_word' id='word_1_387' title='bbox 0 0 1676 5436; x_wconf 95' lang='lat' dir='ltr'><strong> </strong></span> 
     </span>
    </p>
   </div>
  </div>
 </body>
</html>
