3292 5436
767 91 788 156 9

44 296 114 370 μετὰ
133 296 183 368 τήν
204 293 346 372 alteratos.
375 296 760 356 sacrolateranensi
819 298 967 353 obnoxia
1013 303 1081 363 est,
1135 299 1351 366 quemobrem
1404 297 1516 352 solida

42 385 131 437 καίειν
151 386 196 437 καὶ
216 380 461 458 ἀνθρακεύειν,
486 380 568 456 ὥσπερ
595 385 640 437 καὶ
664 381 693 436 τὸ
717 388 764 455 τῆς
816 388 972 438 utuntur.
1015 383 1115 436 curbo
1140 383 1175 437 in
1199 385 1412 437 aerariorum
1439 386 1514 437 tan·

45 465 200 543 ἀλιφλοίου.
815 482 885 524 tum
915 469 1081 524 officinis
1112 469 1323 536 conpendio,
1360 468 1514 536 quoniam

124 558 185 623 §t
219 558 242 610 ol
261 559 288 612 δὲ
307 560 365 629 περὶ
385 555 549 611 Μακεδονίαν
568 558 680 628 τέτταρα
698 559 760 628 γένη
814 559 1001 611 desinente
1029 555 1118 608 flatu
1151 555 1313 623 protinus
1342 555 1515 608 emoriens

46 648 181 708 ποιοῦσιν,
209 641 358 716 ἐτυμόθρυν,
387 639 404 714 ἣ
434 642 479 703 τάς
506 644 631 714 γλυκείας,
664 639 759 696 πλατύ·
814 644 922 712 saepius
963 641 1131 710 recoquitur,
1172 646 1290 694 ceterum
1332 641 1515 709 plurumos

49 723 371 803 φυλλον,ἣτὰςπικράς,
392 725 759 804 φηγὸν,ἣτὰςστρογγύλας·
814 728 1000 783 scintillis.
1036 729 1124 781 idem
1151 743 1166 780 e
1195 728 1351 781 novellis
1383 727 1516 780 melior.

52 810 159 888 ἀσπριν.
188 811 760 890 Ταύτην....θ1οχθηρὰόὲτάξύλα,
814 817 930 870 acervi
968 814 1099 868 consertis
1135 813 1213 867 taleis
1256 814 1408 867 recentibus
1444 812 1518 867 luto

51 903 423 975 καὶπελεκηθένταμὲν
443 897 509 962 ὅλως
529 897 635 975 ἀχρεῖα·
660 920 761 953 κατα·
815 901 1051 967 nominantur,
1095 916 1242 954 aceensa
1283 903 1356 953 strue
1401 898 1519 952 contis

52 986 219 1062 ρήγνυται
246 986 305 1063 γὰρ
337 992 393 1043 καὶ
424 989 612 1042 διαπίπτει·
643 985 762 1041 ἀπελὲ-
816 989 1150 1057 pungiturdurescens
1169 985 1247 1054 calyx
1271 989 1350 1054 eitrpue
1374 987 1413 1037 ita
1437 986 1518 1039 sudo·

51 1095 143 1148 κητα
163 1076 196 1128 δὲ
215 1076 351 1145 βελτίω·
370 1072 419 1129 διὸ
438 1077 494 1128 καὶ
510 1069 761 1149 ούτωχρῶνται.
816 1090 872 1129 reni
889 1077 997 1127 emittit.
1165 1076 1167 1081 '

56 1160 224 1236 μοχθηρὰ
248 1162 281 1215 δὲ
305 1165 362 1216 καὶ
388 1164 424 1222 είς
448 1165 538 1215 καῦσιν
563 1163 619 1214 καὶ
643 1164 689 1220 είς
709 1157 763 1214 ἀν-

55 1248 197 1320 θρακείαν·
217 1242 689 1322 ἀχρεῖοςγάράλωςὸἀνθραξ,
711 1244 764 1299 διὰ
821 1300 827 1313 ‚

52 1332 89 1388 τὸ
121 1335 206 1405 πηδᾶν
231 1338 276 1388 καὶ
301 1335 552 1408 σπινθηρίζειν,
580 1332 664 1405 πλὴν
693 1341 763 1394 τοῖς

54 1423 233 1497 χαλκεῦσι.
279 1420 419 1480 Τούτοις
447 1423 480 1475 δὲ
505 1418 763 1496 χρησιμώτερος

53 1513 107 1562 τῶν
134 1503 234 1561 ἀλλων·
259 1507 312 1562 διὰ
337 1508 395 1581 γὰρ
423 1507 458 1562 τὸ
487 1505 764 1577 ἀποσβέννυσθαι

54 1594 173 1656 ἐυθὺς,
223 1590 300 1648 ὅταν
344 1594 517 1668 παύσηται
555 1591 764 1668 φυσώμενος,

55 1678 430 1752 ὀλίγος“ἀναλίσκεταυ

130 1766 239 1832 V‚9‚l.
276 1770 413 1844 χείρους
432 1770 464 1822 δὲ
484 1769 513 1822 ol
538 1772 597 1820 τῶν
622 1769 765 1840 πρεσβυ-

54 1857 166 1927 τέρων
191 1860 250 1908 τῶν
274 1857 365 1908 νέων.

129 1944 154 1996 4.
182 1943 303 2012 τέμνουσι
322 1943 407 2011 δὲκαὶ
427 1945 532 2013 ζητοῦσι
551 1940 651 2001 εἰςτὰς
671 1938 766 2015 ἀνθρα-

55 2024 118 2084 κιάς
145 2023 179 2079 τὰ
210 2023 289 2080 εύθέα
322 2030 366 2081 καὶ
399 2026 432 2081 τὰ
458 2029 529 2082 λεῖα·
558 2029 611 2082 δεῖ
639 2026 697 2101 γὰρ
730 2025 765 2088 ὡς

56 2109 259 2166 πυκνότατα
294 2114 470 2168 συνθεῖναι
510 2112 572 2188 πρὸς
606 2113 652 2186 τὴν
685 2112 765 2168 κατοί-

56 2198 150 2258 πνιξιν.
170 2194 230 2252 ὅταν
242 2201 268 2254 δὲ
283 2198 600 2274 περιαλείιβωσιτήν
615 2199 764 2274 κάμινον,

56 2282 246 2346 ἐξάπτουσι
273 2286 344 2361 παρά
367 2291 444 2363 μέρος
471 2293 766 2361 παρακεντοῡντες

56 2367 270 2443 ὀβελίσκοις.

178 2527 268 2591 Prior
290 2531 388 2594 huius
411 2533 599 2615 paragraphi
628 2553 700 2614 pars
725 2534 801 2614 quin
833 2553 873 2595 ex
895 2533 1106 2615 Theophrasto
1138 2539 1263 2613 sumpta
1292 2535 1342 2613 sit,
1373 2534 1520 2616 equidem

64 2651 130 2694 non
157 2632 275 2698 dubito.
321 2634 409 2698 Nihil
433 2638 518 2699 enim
544 2637 629 2719 apud
656 2636 798 2700 Plinium
823 2643 938 2717 exstat,
962 2638 1047 2719 quod
1063 2636 1295 2719 Theophrastus
1319 2659 1381 2700 nou
1407 2638 1518 2700 iisdem

59 2735 126 2798 fere
156 2736 261 2801 verbis
295 2739 451 2822 praebeat.
510 2741 570 2804 Sed
609 2741 740 2822 Plinius,
776 2744 832 2824 qui
867 2743 997 2804 omnino
1032 2762 1096 2804 non
1130 2741 1288 2805 intellexit
1311 2743 1515 2825 Theophrasti

60 2836 259 2925 ,,ἀκριβείαν“,
280 2863 344 2926 qua
360 2844 502 2908 diversae
519 2845 759 2910 distributiones
773 2865 927 2929 generum
943 2852 1090 2910 accurate
1117 2848 1199 2909 inter
1216 2866 1249 2909 se
1266 2847 1520 2929 distinguuntur,

65 2946 270 3011 commiscuit
301 2967 348 3029 ea,
380 2969 462 3031 quae
492 2949 726 3033 Theophrastus
759 2951 797 3013 de
827 2950 957 3012 latifolia
987 2957 1019 3012 et
1045 2970 1128 3033 quae
1151 2951 1189 3013 dc
1213 2970 1249 3012 ea
1280 2950 1519 3032 arborensem

63 3049 258 3113 Macedones
293 3045 396 3136 ἄσπριν
430 3060 556 3134 vocant,
592 3054 677 3135 dicit,
718 3058 749 3117 et
786 3055 893 3117 omnia
930 3054 1092 3116 transtulit
1130 3054 1170 3116 ad
1209 3074 1304 3115 unam
1344 3055 1519 3133 latit'oliam,

60 3152 99 3214 cf.
123 3152 143 3235 β
167 3152 218 3216 24.
265 3155 423 3219 Posterior
447 3178 520 3241 pars
551 3159 626 3221 iudo
658 3178 675 3220 a
709 3159 833 3240 „acervi
862 3159 1015 3221 consertis
1047 3159 1136 3221 taleis
1167 3159 1242 3221 ete.u
1277 3158 1362 3220 nudo
1392 3165 1520 3240 sumpta

64 3257 117 3338 sit,
141 3256 264 3320 dubito.
310 3259 393 3322 Nam
417 3245 476 3325 etsi
508 3263 559 3326 bio
584 3282 714 3345 quoque
745 3261 902 3324 nonnulla
931 3263 1014 3345 apud
1047 3270 1220 3343 utrumque
1254 3271 1414 3324 auctorem
1446 3282 1520 3324 con-

60 3352 199 3444 gruunt,
236 3367 342 3427 tamen
382 3369 561 3450 complura,
601 3387 682 3449 quae
720 3367 845 3429 Plinius
884 3378 1006 3446 narrat,
1044 3366 1129 3448 apud
1166 3364 1414 3448 Theophrastum
1455 3386 1516 3427 non

62 3464 283 3531 inveniuntur.
329 3467 402 3531 Non
427 3476 554 3534 exstant
578 3472 662 3554 apud
678 3471 928 3555 Theophrastum
947 3471 1042 3534 verba
1066 3472 1174 3552 „taleis
1196 3469 1410 3549 recentibus‘,
1435 3490 1517 3551 quae

69 3569 200 3651 quidem
230 3569 357 3636 Plinius
387 3574 455 3656 ipse
486 3576 610 3639 adicere
640 3577 760 3659 potuit,
795 3595 868 3639 euni
900 3577 994 3659 paulo
1025 3583 1098 3639 ante
1128 3581 1408 3638 commemoratum
1439 3579 1522 3636 esset

64 3671 234 3737 carbonem
270 3695 287 3739 e
321 3677 457 3741 novellis
491 3699 560 3743 esse
594 3680 776 3758 meliorem3
812 3686 973 3763 praeterea
1004 3679 1238 3763 Theophrastus
1273 3699 1336 3741 non
1371 3677 1518 3760 praebet:

62 3776 326 3858 „durescens
349 3782 443 3862 calyx
468 3789 564 3867 atque
586 3787 630 3848 ita
654 3785 801 3848 sudorem
827 3786 971 3848 emittit.“
1010 3784 1114 3860 Quare
1131 3785 1288 3846 adductus
1305 3782 1519 3846 Schneiderus

66 3881 177 3962 (editio
192 3882 345 3967 Theophr.
363 3887 423 3948 vol.
439 3887 500 3970 ΙΙΙ,
523 3910 594 3972 pag.
612 3888 690 3973 452)
714 3889 805 3951 dicit:
832 3888 952 3970 „Plura
975 3889 1101 3952 Plinius
1124 3890 1158 3950 in
1182 3887 1250 3950 loco
1275 3893 1380 3949 nostro
1404 3887 1519 3968 legisse

63 3985 140 4048 olim
156 3987 324 4067 videtur“;
349 3992 435 4073 quod
459 4012 537 4055 num
560 4000 683 4058 rectum
707 3995 759 4074 sit,
782 3992 933 4075 equidem
958 3993 1079 4055 dubito
1125 3991 1196 4055 Non
1221 3994 1329 4054 minus
1346 3991 1517 4054 verisimile

62 4089 143 4152 mihi
166 4091 294 4156 videtur
316 4093 460 4158 Plinium
484 4097 561 4160 baec
584 4118 625 4161 ex
649 4097 710 4160 alio
733 4103 862 4160 auctore
886 4117 955 4161 esse
982 4104 1170 4161 mutuatum.

133 4266 179 4330 111,
192 4266 217 4330 8,
232 4268 256 4322 5.
280 4261 314 4318 ‘H
333 4267 361 4319 δὲ
375 4265 714 4342 πλατύρυλλος....πρὸς
734 4271 767 4323 δὲ
891 4272 967 4338 ξ24,
1004 4270 1169 4323 Pessuma
1189 4271 1221 4321 et
1239 4267 1385 4321 carboni
1403 4269 1437 4318 ot
1455 4283 1520 4318 rna-

60 4349 121 4423 τὴν
147 4352 267 4425 χρείαν
294 4351 354 4424 τὴν
385 4353 611 4426 οίκοδομικὴν
639 4356 767 4430 χείρισ-
821 4357 930 4409 terias
949 4356 1170 4424 haliphloeos
1189 4355 1267 4418 dicta,
1293 4355 1349 4407 cui
1368 4354 1521 4407 crassis·

60 4456 119 4491 τον
151 4436 217 4509 μετὰ
247 4436 305 4510 τὴν
337 4435 522 4514 ἀλίφλοιον,
570 4439 702 4495 Φαῡλον
734 4443 767 4495 δὲ
820 4441 932 4496 simus
950 4448 1041 4497 cortex
1059 4445 1139 4510 atque
1157 4442 1288 4495 caudex
1312 4445 1345 4493 et
1369 4441 1521 4508 plorum·

61 4522 337 4583 καὶείςτὸκαίειν
361 4529 405 4582 καὶ
429 4523 657 4601 ἀνθρακεύειν
683 4522 766 4602 ὥσπερ
820 4544 885 4596 que
921 4545 1024 4583 cavos
1060 4530 1309 4597 fungosusque.
1357 4544 1418 4580 nec
1448 4527 1523 4580 alia

61 4611 107 4663 καὶ
129 4608 165 4664 τὸ
189 4616 248 4682 τῆς
270 4608 466 4687 ἀλίφλοιου·
491 4617 536 4670 καὶ
560 4615 765 4688 θριπηδέστατον
820 4615 999 4683 putrescit
1017 4632 1050 4668 ex
1070 4616 1120 4669 hoc
1138 4631 1240 4684 genere,
1264 4614 1423 4667 etiamnum
1443 4613 1521 4668 vivit

62 4694 130 4768 μετὰ
148 4697 262 4770 ἐκείνην·
287 4695 383 4774 ἡγὰρ
403 4697 581 4775 ἀλίφλοιος
599 4699 688 4777 παχύ
709 4704 766 4773 μὲν
821 4701 905 4769 quin
934 4705 967 4754 et
994 4701 1141 4755 fulmine
1165 4701 1376 4770 saepissime
1400 4701 1522 4769 icitur,
