3188 5206
644 189 685 252 53

52 388 99 454 ὸς,
126 390 179 443 οἷον
199 392 340 464 φελλοῦ,
366 390 448 465 δρυὸς,
466 389 640 466 'olysipon-

52 520 54 527 ,
73 474 194 549 ἰνώδης
218 480 263 532 καὶ
282 473 395 552 ἄσαρκος
416 475 510 550 ἱμοίως
529 480 640 553 δένδρων

52 585 113 617 ινων
143 567 188 619 καὶ
215 565 347 629 ἐπετείων,
376 566 447 619 οἷον
474 561 640 636 ἀμπέλου,

55 657 207 725 ου,ποροῡ.
230 651 642 722 καὶτῶνμὲνπολυλοπος,

58 734 193 811 ιλύρας,
219 735 357 810 ἐλάτης,
383 735 550 809 ἀμπέλου,
576 741 642 793 λινο-

52 865 56 888 ,
88 821 245 897 κρομμύων·
281 831 340 878 τῶν
372 826 405 880 δὲ
433 824 641 897 μονόλοτνος,

52 916 145 983 νκῆς,
163 908 335 983 καλάμου,
356 912 437 985 αἴρας.

52 1051 167 1132 lmnia,
203 1071 285 1136 quae
319 1057 453 1134 uterque
483 1052 623 1135 praebet,
657 1053 752 1136 plane
781 1056 870 1117 inter
906 1072 940 1117 se
968 1056 1184 1136 consentiunt,
1220 1056 1283 1118 nisi
1315 1059 1400 1138 quod

52 1177 65 1220 s
89 1157 206 1219 adiecit
228 1156 318 1218 libris
342 1157 479 1219 similem
503 1175 573 1220 esse
596 1159 744 1221 corticem
768 1159 879 1239 cerasi,
905 1158 943 1221 de
965 1177 1028 1240 quo
1045 1158 1280 1241 Theophrastus
1302 1162 1395 1244 plura

57 1259 118 1339 III,
151 1259 202 1339 13,
235 1261 250 1323 1
278 1266 309 1323 et
332 1260 370 1335 2;
404 1260 459 1323 sed
490 1279 555 1322 non
588 1261 665 1324 dicit
693 1281 768 1325 eum
795 1262 888 1326 libris
912 1263 1049 1326 similem
1073 1281 1151 1326 esse.
1198 1263 1272 1326 Non
1303 1265 1397 1347 plane

54 1365 132 1427 dent
154 1362 254 1426 Plinii
285 1363 382 1426 verba
418 1361 589 1445 „omnibus
612 1367 646 1427 in
678 1371 805 1429 senecta
835 1367 999 1450 rugosior“
1036 1365 1243 1450 Theophrasti
1276 1367 1397 1432 verbis:
1475 1421 1476 1424 ,

69 1466 103 1530 δὲ
119 1515 126 1529 .
141 1515 148 1529 .
161 1514 187 1528 ..
210 1465 452 1551 ἀπογηράσκοντα
472 1465 505 1530 δὲ
520 1467 799 1554 τραχυφλοιότεραίέ.
843 1469 927 1533 Nam
950 1471 1036 1553 apud
1051 1471 1303 1554 Theophrastum
1325 1492 1397 1555 pro·

82 1575 213 1648 ,ταῦτα’
248 1591 298 1634 me
332 1571 462 1653 quidem
491 1573 600 1635 iudice
629 1573 831 1637 referendum
861 1579 908 1638 est
935 1575 974 1637 ad
1005 1580 1160 1657 extrema,
1197 1596 1280 1658 quae
1311 1583 1399 1640 ante-

52 1698 65 1756 ;,
101 1677 167 1741 scil.
204 1675 258 1751 ,τοὶ
293 1673 325 1738 δὲ
359 1674 544 1761 τραχόφλοια
578 1680 665 1739 κτλ.“.
719 1676 805 1740 Dicit
839 1679 937 1761 igilur
963 1677 1214 1762 Theophrastus:
1257 1679 1400 1761 „aarum

55 1800 99 1860 m,
130 1798 213 1861 quae
239 1782 354 1844 cortice
377 1779 489 1843 scabro
513 1787 599 1864 sunt,
631 1786 739 1845 cortex
770 1784 803 1844 in
836 1784 1004 1845 iuventute
1034 1783 1144 1863 levior,
1176 1784 1210 1846 in
1235 1788 1400 1847 senectute

52 1904 76 1946 rr
111 1885 191 1963 est‘,
225 1904 299 1947 cum
331 1885 458 1947 Plinius
486 1886 632 1947 omnium
664 1887 814 1948 corticem
844 1887 876 1948 in
908 1891 1072 1950 senectute
1102 1889 1299 1970 rugosiorem
1331 1906 1400 1952 esse

55 1989 117 2050 dat.
175 1978 380 2052 Adiectivum
417 1989 595 2070 ,τοςοοιωιι
641 1989 768 2053 Plinius
810 1991 878 2072 hic,
917 1997 954 2053 ut
987 1990 1073 2053 idem
1109 1991 1267 2072 significet
1301 1996 1398 2074 atque

52 2111 101 2154 um
124 2090 278 2178 ,τραχός“,
304 2093 390 2176 quod
413 2093 491 2155 alias
514 2094 609 2155 vertit
631 2112 687 2175 per
711 2093 869 2175 ,‚scaber“,
902 2093 1086 2157 adhibuisse
1111 2095 1187 2156 mihi
1209 2095 1338 2159 videtur
1359 2095 1399 2157 ad

52 2200 127 2258 atem
153 2195 360 2277 efficiendam,
383 2216 457 2259 cum
481 2196 577 2279 paulo
601 2201 675 2260 ante
691 2203 794 2261 exstet
810 2198 1004 2262 adiectivum
1021 2197 1180 2279 „scaber“.
1227 2198 1288 2262 Sed
1312 2199 1400 2262 unde

53 2302 78 2363 it
111 2299 184 2363 illa:
221 2300 450 2381 „Omnibus
483 2303 517 2363 in
553 2307 681 2364 senecta
709 2301 902 2384 rugosior“?
956 2303 1010 2364 An
1040 2302 1127 2384 apud
1149 2301 1400 2385 Theophrastum

52 2409 147 2466 absd‘
169 2405 246 2487 legit
269 2403 423 2481 ‚aduae
474 2404 634 2487 Equidem
663 2410 741 2488 puto
765 2411 796 2469 et
819 2408 938 2469 rectius
961 2407 1020 2468 hoc
1044 2424 1113 2468 esse
1137 2426 1233 2487 quam
1259 2411 1396 2482 ,ταῦταῆ

56 2528 76 2571 n
100 2510 151 2589 iic,
176 2529 258 2593 quae
283 2511 486 2589 antecedunt,
511 2509 746 2591 Theophrastus
771 2510 853 2572 dixit
876 2509 915 2572 de
931 2508 1110 2590 arboribus,
1134 2530 1272 2593 quarum
1288 2515 1404 2592 cortex,

72 2612 153 2676 levis
176 2619 232 2677 aut
255 2615 365 2678 scaber
388 2615 442 2692 sit3
477 2613 593 2676 deinde
624 2632 674 2677 me
698 2613 829 2697 quidem
853 2614 959 2677 iudice
982 2615 1105 2677 adicere
1128 2614 1213 2677 vult:
1248 2601 1405 2693 „omnino

52 2737 82 2779 m
121 2717 271 2781 arborum
310 2725 418 2782 cortex
453 2721 489 2780 in
523 2719 693 2782 iuventute
726 2719 842 2798 levior,
880 2719 911 2780 in
949 2722 1113 2782 senectute
1147 2716 1287 2782 scabrior
1321 2717 1397 2781 esd‘.

74 2822 272 2885 restituenda
307 2841 377 2886 esse
411 2828 507 2905 puto:
544 2821 703 2898 ,Πάντα
738 2821 770 2885 δὲ
800 2821 851 2886 νέα
881 2821 932 2907 μὲν
964 2817 1032 2886 ὄντα
1064 2819 1293 2907 λειορλοιότερα,
1328 2818 1400 2885 ἀπο·

52 2951 116 2988 οντα
139 2928 227 2988 κτλ.“.

52 3086 75 3148 6,
103 3086 127 3139 3.
178 3081 397 3155 Διαφέρουσι
425 3083 458 3135 δὲ
485 3085 542 3136 καὶ
568 3089 642 3142 ταῖς
766 3083 780 3149 ἓ
809 3086 866 3138 127.
914 3080 1009 3148 Magna
1043 3082 1075 3132 ct
1105 3080 1261 3134 radicum
1291 3080 1399 3134 diffe-

52 3191 57 3203 ·
82 3168 120 3222 τοὶ
145 3173 202 3241 μὲν
231 3167 288 3243 Ιρολρ
312 3167 501 3242 τολυρριζα
525 3172 569 3223 καὶ
595 3191 642 3240 μα-
696 3167 1399 3237 rentia100piosaefico,rob0ri‚platano,

52 3254 642 3329 ,καθάπερσυκῆ,δρῦς,τλάτανος·
698 3257 791 3309 breves
827 3259 854 3308 et
888 3257 1017 3322 angustae
1052 3252 1158 3321 malo,
1201 3254 1399 3321 singulares

66 3344 145 3417 ἔχωσι
166 3340 255 3406 τόπον,
275 3340 439 3416 ἐφ’δαονοῦν
461 3347 642 3418 προέρχονται.
696 3342 822 3408 abieti,
865 3341 978 3395 larici.
1031 3340 1187 3408 singulis
1223 3342 1311 3394 eninr
1346 3343 1399 3394 in·

52 3427 323 3503 λι·(όρριζα,καλλοίπερ
344 3432 425 3494 ἐλαία,
447 3429 501 3503 ῥόα,
522 3432 642 3503 μηλὲα·
697 3430 860 3483 nituntur
912 3443 1115 3497 quamquam
1168 3428 1318 3481 minutis
1366 3430 1400 3481 in

88 3515 280 3590 μονόρριζα
322 3516 477 3590 καθάπερ
520 3515 638 3589 ἐλάτη,
692 3518 805 3570 latera
831 3516 1017 3584 dispersis.
1068 3510 1266 3569 crassiores
1300 3515 1400 3567 lauro

52 3625 57 3637 ·
86 3601 226 3677 μονόρριξοι
250 3605 277 3658 δὲ
298 3599 388 3668 οὕτως,
417 3599 455 3658 ὅτι
480 3606 558 3676 μίαν
584 3626 639 3675 με·
692 3608 726 3658 et
752 3603 973 3672 inaequales,
1011 3603 1094 3656 item
1127 3600 1235 3668 oleae,
1273 3601 1329 3654 cui
1366 3607 1400 3655 ot

63 3690 122 3764 τὴν
147 3693 196 3750 εἰς
221 3688 325 3762 βάθος
349 3692 435 3766 ἔχει,
461 3690 583 3764 μικρὰς
607 3693 640 3745 δὲ
693 3707 854 3744 ramosae.
891 3693 922 3744 at
940 3689 1057 3744 robori
1076 3704 1246 3743 carnosae.
1277 3688 1400 3740 robora

52 3776 314 3851 ου’τηςπλείους.
352 3775 504 3832 ...ΫΈτι
529 3780 556 3833 δὲ
580 3784 639 3832 τῶν
694 3778 828 3832 suasin
845 3777 1185 3845 profundumagunt.

52 3873 153 3940 ;χεῖαι
172 3866 315 3938 μᾶλλον,
333 3871 382 3919 τῶν
402 3867 430 3920 δὲ
448 3862 641 3937 ἀνωμαλεῖς

81 3951 226 4026 δάφνης,
257 3953 390 4013 ἐλαίας·
422 3959 471 4006 τῶν
504 3954 532 4007 δέ
562 3960 642 4007 πᾶσαι

53 4037 172 4113 καθάπερ
192 4036 319 4112 ἀμπέλου.

52 4199 61 4218 κ.
96 4201 126 4214 ..
148 4202 153 4213 .
174 4162 207 4216 αἱ
231 4162 266 4216 δὲ
290 4158 475 4234 σαρκώδεις
500 4163 641 4232 μᾶλλον,

52 4250 67 4301 ri
95 4254 155 4320 τῆς
180 4246 295 4322 δρυός,
324 4249 350 4302 αἱ
373 4249 401 4302 δὲ
426 4249 479 4301 οῖον
506 4244 642 4309 ὀξώδεις

52 4335 157 4400 ινώδεις,
184 4331 292 4408 ὥσπερ
318 4335 350 4388 αλ
368 4340 425 4406 τῆς
445 4336 563 4394 ἐλαίας

64 4426 109 4477 καὶ
133 4421 173 4476 τὰ
191 4425 251 4494 μὲν
271 4418 462 4495 βαδόρριζα
485 4420 640 4496 καθάπερ

52 4631 78 4683 g.
92 4614 188 4683 Georg.
202 4613 241 4680 Π,
258 4617 325 4671 291:
341 4614 469 4668 aesculus
487 4613 515 4665 in
534 4613 639 4680 primis,
763 4612 792 4665 Si
810 4612 930 4682 Vergilio
955 4613 1064 4681 quidem
1083 4579 1226 4677 credimus,
1250 4610 1399 4679 aesculum,

54 4704 169 4755 uantum
197 4700 299 4754 vertice
325 4701 360 4754 ad
386 4716 464 4754 auras
489 4700 638 4767 Aetherias,
693 4703 824 4768 quantum
860 4716 968 4768 corpore
1004 4699 1122 4766 eminet,
1163 4699 1267 4751 tantum
1309 4699 1398 4752 radice

52 4788 143 4842 radice
161 4788 191 4841 in
210 4787 315 4841 Tartara
333 4788 427 4840 tendit.
693 4787 841 4842 descendit.
