3292 5436
665 181 704 244 71

67 386 178 447 ,11,3.
216 381 659 456 Φααὶηὰρ,καὶδοκεῖβαθονο-
782 401 857 439 cum
883 385 998 455 igitur
1023 404 1110 442 anno
1137 388 1331 457 permansit
1362 388 1420 441 in-

77 474 136 539 τῆς
155 470 289 542 λίμνης,
309 472 364 523 καὶ
384 472 578 540 μείναντος,
603 471 658 525 τὸν
713 471 868 538 nudatio,
887 473 1030 540 proficiunt
1048 474 1075 527 in
1094 473 1294 542 aucupatoriam
1307 490 1414 543 quoque

67 576 95 608 a
114 555 271 610 tricoria
296 554 459 630 dbpdvaohm,
483 561 529 612 καὶ
546 558 659 630 γίνεσθαι
712 557 926 626 amplitudinem.
953 560 1297 629 vocabanturzeugitao.
1323 563 1416 617 contra

67 664 72 691 ι
101 638 246 714 tripudiare
274 644 445 715 ίεογίτην,
477 640 539 699 ὅταν
567 647 595 699 δὲ
622 643 658 718 μὴ
712 644 916 713 bombyciae
952 646 1084 700 maturius
1119 647 1256 715 reciproco
1293 648 1416 716 graciles,

69 749 100 800 νη
128 728 158 782 τὸ
186 727 262 802 ὕδωρ,
290 732 486 801 βομβοκίαν.
530 731 584 805 Τὴν
611 735 659 804 μὲν
711 731 917 785 feminarum
939 731 1066 787 latiore
1090 734 1177 788 folio
1203 738 1308 802 atque
1332 751 1450 810 αλιος,ι

67 835 114 868 εοιν
133 813 256 887 τοιαύτην
276 818 400 887 λέγουσιν.
713 816 866 882 didiore,
885 818 1014 873 modica
1030 819 1192 889 lanugine
1210 822 1265 874 aut
1283 822 1416 876 omnino

84 900 220 975 Διαφέρειν
245 905 272 956 δὲ
294 908 344 957 τῶν
364 899 449 958 ἄλλων
468 901 602 981 καλάμων,
627 902 660 965 ὡς
714 904 824 972 nulla,
843 905 1031 972 spadonum
1049 907 1179 961 nomine
1198 906 1418 975 insignibus,

67 1018 69 1035 ι
101 990 201 1060 λαβεῖν,
235 986 359 1062 aitpoeta
388 993 437 1044 τινὶ
467 996 515 1063 τῆς
544 989 660 1064 φύσεως·

67 1079 162 1148 Ξοτερον
182 1074 229 1148 γὰρ
250 1077 315 1130 εἶναι
334 1080 378 1130 καὶ
391 1073 587 1151 εὖοαρκότερον,
606 1081 661 1133 ιιαὶ

67 1161 539 1237 ἰὲθήλυντῇπροσόψενκαὶ
558 1164 660 1237 γὰρτὸ

69 1270 81 1300 ν
107 1247 321 1323 πλατύτερον
347 1251 440 1325 ἔχειν
465 1253 523 1305 καὶ
541 1250 660 1306 λευκό-

99 1334 160 1408 τὴν
196 1337 229 1389 δὲ
260 1333 415 1409 ἀνθήλην
446 1335 575 1392 ἐλάττω
610 1344 660 1392 τῶν

77 1421 174 1482 τινὰς
200 1424 233 1476 δὲ
261 1418 344 1483 ὅλοις
372 1420 433 1478 ουίι
460 1426 566 1500 ἔχειν,
602 1421 660 1485 οὓς

75 1507 345 1583 οσαγορεῶονοιν
365 1507 557 1586 εὖνουχίας.

67 1632 96 1695 [n
127 1635 243 1696 mirum
275 1651 411 1696 errorem
443 1632 569 1697 Plinius
600 1634 651 1696 hic
678 1635 788 1717 lapsus
823 1642 879 1698 est.
936 1634 1017 1698 Cum
1051 1638 1138 1701 enim
1170 1637 1407 1721 Theophrastus

69 1738 130 1799 hoo
153 1737 266 1799 calami
289 1756 393 1820 genus
416 1739 554 1819 speciem
577 1738 747 1802 femineam
778 1739 936 1823 praebere,
965 1740 1020 1803 sed
1051 1740 1090 1804 de
1121 1740 1278 1807 divisione
1311 1743 1409 1807 huius
1482 1777 1485 1783 ·

90 1842 125 1903 in
149 1860 268 1904 marem
293 1846 323 1904 et
345 1841 497 1904 feminam
524 1844 655 1904 omniuo
679 1862 743 1906 non
767 1843 929 1925 loquatur,
958 1842 1087 1906 Plinius
1120 1863 1161 1907 ex
1184 1844 1291 1909 verbis
1312 1846 1411 1910 Theo·

67 1947 73 2007 i
103 1941 170 2021 ,καὶ
194 1941 270 2016 ὅλοις
293 1943 326 2007 δὲ
351 1946 442 2027 ίλῆλον
465 1951 502 2032 τῇ
525 1945 685 2032 epomidem
718 1947 852 2011 deduxit
880 1965 984 2030 genus
1013 1947 1188 2011 femineum
1217 1953 1249 2011 et
1279 1949 1316 2012 ad
1349 1951 1411 2014 hoc

68 2048 142 2112 ibus
167 2049 325 2132 αὐλητικὸν
348 2047 481 2133 κιίλαμον
512 2050 551 2113 ab
581 2051 651 2115 aliis
684 2052 796 2115 calami
827 2050 1001 2135 generibus
1029 2049 1152 2115 differre
1174 2052 1410 2135 Theophrastus

73 2156 244 2217 transtulit.
298 2154 445 2218 Ceterum
468 2159 533 2217 tota
555 2155 635 2218 haec
656 2154 754 2218 Plinii
786 2155 1003 2239 paragraphus
1032 2174 1161 2239 prorsus
1191 2156 1324 2220 confusa
1348 2165 1402 2222 est.

67 2257 190 2320 hrastus
221 2265 390 2341 postquam
415 2258 454 2320 dc
476 2260 682 2341 generatione
704 2259 822 2322 tibialis
845 2259 1036 2323 harundinis
1065 2256 1244 2342 (αὐλητικοῦ)
1273 2262 1411 2345 eiusque

67 2380 112 2424 »ne
141 2363 174 2423 in
205 2363 354 2444 zeugiten
385 2352 415 2424 et
443 2360 636 2442 bombycian
672 2348 799 2426 locutus
827 2368 885 2445 est,
921 2370 1086 2450 enumerat
1114 2383 1168 2426 eas
1195 2383 1256 2444 res,
1292 2365 1411 2447 quibus

67 2463 108 2535 ιὸς
150 2465 273 2529 differat
315 2464 354 2528 ab
397 2466 466 2528 aliis
507 2466 621 2529 calami
659 2466 840 2550 generibus.
901 2465 980 2541 ,Has
1013 2465 1140 2531 Plinius
1173 2469 1337 2532 transtulit
1370 2471 1410 2534 ad

67 2588 155 2633 oran.

67 2685 115 2748 ἰῶν
133 2685 224 2762 ἄριστα
237 2693 283 2761 μέν
298 2691 376 2763 φασί
394 2710 483 2750 τινες
500 2691 656 2762 γίνεσθαι
778 2694 871 2760 §170-
907 2689 996 2744 Hinc
1019 2691 1117 2744 erant
1139 2692 1349 2745 armamenta
1372 2693 1411 2746 ad

67 2775 136 2849 ίηη,
167 2778 313 2850 καρορίοῦν
345 2777 373 2830 δὲ
403 2773 477 2848 ὀλίγα
506 2775 578 2851 παρὰ
607 2776 655 2850 τὴν
708 2777 828 2832 inclusos
859 2778 998 2845 dantus,
1033 2793 1087 2830 non
1116 2777 1220 2832 silendo
1248 2779 1277 2831 et
1306 2779 1410 2849 reliquo

67 2886 80 2916 ι
122 2862 188 2934 Τὴν
217 2864 250 2917 δὲ
278 2862 384 2935 τομὴν
413 2861 538 2937 ὡραίαν
567 2865 656 2920 εἶναι
708 2881 787 2919 curae
816 2863 960 2930 miraculo,
990 2868 1022 2918 ut
1050 2864 1130 2918 venia
1160 2866 1197 2919 sit
1222 2868 1330 2932 argento
1356 2867 1410 2921 iam

75 2951 266 3022 ντιγενίδον
302 2953 373 3021 μὲν,
415 2946 502 3023 ἤνικ’
528 2946 655 3023 ηὔλουν
708 2950 877 3019 potiuscani.
907 2951 1412 3022 caedisolebanttempestivae

67 3059 142 3102 τιος,
179 3034 232 3091 ὁπ’
256 3033 432 3111 ἀρκτόνριρ
464 3039 655 3110 βοηδρομιῶνος
708 3053 816 3105 usque
834 3037 873 3090 ad
891 3036 1140 3104 Antigenidam
1163 3037 1312 3107 tibicinem,
1336 3056 1411 3094 cum

67 3120 654 3199 τὸνηὰροῦτωτμηίέντασυχνοῖς
707 3124 817 3176 adhuc
853 3122 1011 3190 simplici
1047 3122 1180 3176 musica
1210 3126 1410 3190 uterentur,

75 3231 145 3265 εοιν
174 3206 316 3283 ὕστερον
343 3211 501 3280 γίνεσθαι
534 3209 654 3286 χρηοι-
707 3211 936 3267 subarcturo.
964 3206 1411 3281 sicpraeparatacaliquot

69 3300 125 3351 καὶ
167 3295 478 3370 προκατανλήσεως
521 3299 654 3352 δεῖσθαι
706 3299 785 3365 post
811 3312 919 3350 annos
946 3295 1153 3350 utilesesse
1171 3296 1412 3365 incipiebant,

67 3406 88 3448 ;‚
124 3382 289 3455 οομμίειν
322 3385 356 3438 δὲ
386 3382 421 3438 τὸ
453 3381 559 3456 στόμα
589 3390 652 3438 τῶν
707 3387 800 3452 ἕ171.
839 3383 1205 3452 tuncquoquemnlta
1224 3384 1411 3441 domandae

67 3475 117 3524 ῶν·
160 3467 174 3524 i
210 3468 273 3544 πρὸς
309 3468 357 3543 τὴν
396 3471 543 3544 ὃιακτομίαν
588 3473 654 3526 εἶναι
706 3469 968 3524 exercitatione
992 3473 1019 3524 et
1042 3487 1136 3525 canere
1160 3471 1244 3525 tibiae
1268 3472 1343 3540 ipsae
1362 3473 1410 3527 do·

67 3579 84 3611 ν.
705 3556 818 3625 candae,
846 3557 1152 3625 conprimentibus
1180 3574 1215 3612 se
1242 3559 1408 3628 lingulis,

76 3641 169 3699 Ἐπεὶ
193 3646 227 3699 δὲ
251 3646 297 3704 είς
322 3642 382 3716 τὴν
406 3642 529 3699 πλάσιν
556 3647 652 3716 μετέ-
706 3644 777 3712 quod
803 3645 860 3697 erat
885 3643 943 3698 illis
969 3645 1134 3701 theatrorum
1158 3646 1279 3701 moribus
1303 3646 1409 3704 utilius.

67 3776 68 3786 ,
95 3728 199 3805 ἠτομὴ
220 3729 393 3803 pare-aiudha·
417 3733 580 3804 τέμνουσι
604 3730 652 3806 γὰρ
705 3732 886 3798 postquam
911 3731 1066 3790 varietas
1090 3734 1246 3789 accessit
1268 3736 1296 3787 et
1314 3736 1408 3787 cantus

72 3823 119 3873 τοῦ
145 3823 345 3891 σκιροφοριῶνος
372 3821 416 3872 καὶ
443 3820 652 3890 ἑκατομβαιῶνος
705 3833 811 3885 quoque
840 3817 962 3885 luxuria,
998 3820 1098 3873 caedi
1128 3823 1207 3875 ante
1243 3821 1409 3876 solstitia

70 3902 133 3978 πρὸ
152 3910 280 3977 τροπῶν
301 3903 421 3979 μικρὸν
441 3901 458 3978 ἢ
478 3903 650 3979 ὑπὸτροττᾶς.
704 3906 847 3971 coeptae
873 3906 907 3956 et
933 3905 1019 3958 fieri
1046 3906 1158 3960 utiles
1184 3908 1220 3960 in
1246 3907 1409 3974 trimatu,

71 3988 650 4066 αιὃέφασιτρίενόντεχρήσιμον
704 3989 884 4059 apertioribus
919 4005 1010 4044 earum
1045 3991 1158 4061 lingulis
1193 3994 1227 4047 ad
1262 3994 1408 4049 flectendos

67 4076 200 4151 αυλήσεως
225 4079 348 4154 βραχείας
373 4077 480 4143 δεῖσθαι,
504 4082 549 4133 καὶ
571 4100 650 4134 κατα·
704 4093 793 4144 sorice,
813 4092 880 4145 quae
898 4076 961 4130 inde
980 4080 1045 4131 sunt
1062 4080 1089 4132 et
1105 4078 1195 4133 hodie.

67 4187 84 4219 α
120 4163 166 4226 τὰς
202 4164 316 4238 γλώττας
359 4166 437 4240 ἔχειν.
496 4164 580 4220 Τοῦτο
623 4168 651 4221 δὲ
774 4164 869 4231 ἕ172.
905 4164 1061 4218 sedtum
1088 4181 1128 4219 ex
1156 4181 1408 4235 suuquumque

70 4259 163 4312 ντοῖς
188 4250 254 4324 perd
272 4249 423 4323 πλάσματος
443 4248 559 4308 αὐλοῦσι.
596 4251 649 4307 Τοῦ
703 4252 837 4304 tantum
873 4249 1069 4305 harundine
1105 4269 1297 4321 congruere
1331 4269 1409 4320 per·

67 4325 650 4412 ζεογίτοοταύταςεἶναιτὰςῶραςτῆςτομῆς.
704 4352 846 4391 suasum
872 4339 946 4391 erat
972 4340 1005 4392 et
1030 4355 1116 4408 eam,
1145 4356 1229 4408 quae
1256 4339 1409 4394 radicem

72 4423 650 4501 Σομφανεῖνδὲτὰςγλοίτταςτὰς
702 4427 964 4492 antecesserat,
1007 4425 1127 4480 laevae
1169 4426 1282 4481 tibiae
1323 4444 1408 4482 con·

93 4510 199 4568 αὐτοῦ
228 4516 489 4586 μεοοηονατίοο,
522 4511 581 4573 τὰς
616 4514 650 4568 δὲ
702 4513 838 4580 venire,
880 4527 966 4580 quae
1008 4527 1183 4581 cacumen,
1226 4514 1408 4581 dexterae,

67 4597 271 4674 οῶσνμφωνεῖν·
290 4598 427 4673 καὶτήν
446 4597 649 4674 μὲντρὸςτῇ
702 4598 907 4652 immensum
933 4601 1099 4667 quantum
1127 4599 1298 4670 praelatis
1323 4617 1408 4670 quas

67 4685 238 4761 ,ριστεραλν
276 4687 379 4754 εἶναι,
415 4686 474 4760 τὴν
505 4688 538 4742 δὲ
568 4685 650 4761 πρὸς
702 4686 778 4754 ipse
797 4685 973 4755 Cephisus
991 4686 1177 4742 abluisset.

67 4774 208 4835 λαστοιλς
227 4771 348 4834 δεξιάν.
1054 4787 1060 4797 ’
