3292 5436
792 102 900 214 'aa

44 392 46 399 ν
141 359 301 443 quomodo
324 359 451 441 Plinius
479 359 584 422 dicere
612 360 754 441 potuerit
782 359 867 421 hanc
896 356 1187 438 interpretationem
1221 359 1320 418 ortam
1350 372 1421 417 esse
1449 352 1614 417 scelere

141 468 277 528 secutae
300 464 420 528 aetatis
454 461 538 525 Nam
565 462 780 544 „sterilitatem
795 462 970 545 impedire‘
995 463 1078 522 certe
1100 478 1167 522 non
1189 463 1294 542 potest
1316 457 1470 540 appellari
1497 457 1611 522 scelus.

210 599 261 667 ΠΙ,
280 604 305 667 3,
324 605 348 658 5.
384 597 525 671 Μεγάλη
549 601 582 653 δὲ
601 596 748 672 διαφορὰ
766 596 848 671 πρὸς
972 597 1067 674 5111.
1104 595 1211 648 Fiunt
1237 611 1319 649 vere
1347 594 1516 663 quaedam
1543 594 1612 649 loci

140 686 242 760 καρπὸν
264 690 319 741 καὶ
346 682 518 759 ἀκαρπίαν
544 687 600 739 καὶ
624 681 720 756 ἡτῶν
739 682 850 739 τόπων
904 682 994 737 vitio
1021 683 1260 750 infructuosa,
1288 681 1361 735 sicut
1387 681 1418 734 in
1444 680 1517 736 Paro
1545 681 1611 736 silva

142 771 250 847 φάσις,
277 769 386 846 ὥσπερ
412 774 593 844 salvete<
617 775 760 847 περσέας
781 773 852 847 έχει
904 769 1011 838 caedua,
1030 768 1251 839 quaemihilicrt.
1287 767 1453 822 Persicae
1476 768 1610 825 arbores

119 861 186 923 ,καὶ
213 865 262 913 τῶν
291 860 423 934 φοινίκων.
471 856 490 933 ἡ
519 862 564 931 μὲν
596 857 643 932 γὰρ
673 860 699 912 ἐν
728 856 850 932 Αίγύπτιμ
904 857 939 909 in
958 857 1075 911 Rhodo
1093 857 1225 910 florent
1243 856 1381 908 tantum.

79 949 80 953 ’
142 954 305 1021 καρποφορεῖ
322 948 366 1000 καὶ
385 947 409 1000 εί
427 967 477 1001 που
496 951 545 1000 τῶν
564 947 673 1018 πλησίον
697 942 793 1008 τόπων,
818 946 851 999 έν

137 1028 243 1107 Ῥόδῳ
263 1034 295 1087 δὲ
314 1035 415 1109 μέχρι
433 1039 490 1087 τοῦ
510 1030 628 1098 ἀνθεῖν
656 1030 761 1105 μόνον
788 1028 852 1106 ἀφ-

143 1127 301 1174 ικνεῖται.

211 1212 236 1264 7.
267 1205 363 1281 Σχεδὸν
383 1207 411 1260 δὲ
429 1201 477 1261 ὅσα
495 1208 617 1261 καλοῦσιν
637 1201 762 1280 ἄρρενα
780 1210 842 1258 τῶν
973 1201 1019 1256 rit
1034 1203 1100 1257 haec
1118 1203 1267 1258 differentia
1285 1205 1360 1256 etex
1374 1217 1453 1270 sexu,
1471 1203 1503 1256 in
1523 1202 1606 1272 iisque

143 1288 308 1365 ὁμογενῶν
333 1288 466 1366 ἄκαρπα
489 1291 529 1346 τά
551 1291 677 1348 πολλά·
697 1289 798 1347 ποάτων
816 1276 850 1345 τά
904 1306 1012 1344 mares
1040 1305 1104 1344 non
1131 1291 1259 1344 ierunt.
1300 1289 1414 1358 aliqui
1443 1290 1508 1345 hoc
1535 1306 1608 1359 per·

141 1381 190 1449 μέν
210 1376 296 1433 ἀνθεῖν
316 1400 386 1453 φασι,
411 1377 444 1433 τὰ
463 1376 594 1451 δ’ἄλίγον,
619 1378 652 1433 τὰ
671 1375 696 1433 δ’
714 1374 783 1439 ἄλως
803 1374 850 1432 οὐκ
904 1379 1081 1432 mutantes
1116 1377 1220 1431 maris
1256 1392 1332 1432 esse
1374 1382 1462 1445 qu'ae
1500 1378 1607 1432 ierant

140 1461 237 1519 ἀνθεῖν.
275 1463 311 1520 Oi
335 1462 541 1520 δ’ἀνάπαλιν
568 1464 607 1521 τά
636 1469 695 1538 μὲν
725 1460 850 1540 ἄρρενα
904 1464 1054 1518 tradunt.

141 1549 228 1622 μόνα
246 1559 495 1626 καρποφορεῖν.

212 1637 264 1704 ΙΙΙ,
283 1643 308 1706 8,
329 1643 352 1695 1.
390 1636 497 1692 Πάντων
517 1635 552 1702 δ’,
572 1633 656 1712 ὥσπερ
676 1638 782 1714 ἐλέχθη,
802 1643 852 1692 τῶν

140 1724 253 1797 δένδρων
270 1721 303 1784 ὡς
322 1722 384 1780 καθ’
405 1727 514 1779 ἕκαστον
533 1728 605 1798 γένος
624 1727 712 1797 λαβεῖν
732 1727 853 1799 διαφοραὶ

140 1812 245 1870 πλείους
264 1812 339 1865 είσίν·
364 1809 382 1884 ἠ
409 1815 455 1883 μὲν
479 1812 554 1883 κοινὴ
579 1818 663 1876 πᾶσιν,
690 1808 707 1885 ᾗ
727 1814 853 1885 διαιροῦσι

139 1896 177 1951 τὸ
201 1898 288 1969 θῆλυ
313 1901 369 1952 καὶ
392 1896 427 1952 τὸ
454 1894 566 1972 ἄρρεν·
586 1894 620 1953 ὧν
638 1897 674 1953 τὸ
695 1902 752 1971 μὲν
772 1919 852 1973 καρ-

142 1983 309 2059 ποφόρον,
334 1983 370 2039 τὸ
396 1987 430 2040 δὲ
453 1980 605 2059 ἄκαρπον
625 1986 667 2040 ἐπί
690 2005 777 2040 τινων.
805 1981 851 2039 Ἐν

140 2071 180 2131 οἷς
204 2073 232 2126 δὲ
260 2067 338 2146 ἄμφω
363 2070 580 2146 καρποφόρα,
609 2071 639 2127 τὸ
667 2073 735 2145 θῆλυ
765 2073 853 2127 καλλι-

63 2202 66 2207 .
140 2156 317 2232 καρπότερον·
344 2157 428 2229 πλὴν
457 2154 531 2212 ὅσοι
554 2165 662 2214 ταῦτα
686 2161 852 2213 καλοῦσιν

141 2238 282 2318 ἄρρενα·
302 2246 445 2299 καλοῦσι
463 2243 523 2319 γάρ
543 2266 640 2306 τινες.

213 2335 242 2390 C.
259 2330 289 2385 P.
308 2331 348 2398 ΙΙ,
369 2335 410 2398 10,
430 2336 453 2389 1.
501 2331 558 2386 Τῶν
586 2335 614 2387 δὲ
644 2330 772 2406 ὁμογενῶν
802 2338 852 2387 τῶν
975 2329 1061 2384 lacit
1079 2331 1112 2383 et
1130 2329 1289 2383 densitas
1308 2327 1554 2403 sterilitatem.

143 2412 248 2491 ἀγρίων,
267 2419 294 2472 ἐν
314 2419 351 2479 οἷς
369 2417 402 2472 τὰ
421 2422 468 2490 μὲν
487 2415 600 2493 ἄκαρπα,
628 2417 661 2473 τά
681 2421 709 2474 δὲ
726 2417 851 2494 κάρπιμα,

144 2497 179 2556 ὧν
208 2503 241 2559 τὰ
271 2508 317 2577 μέν
348 2502 440 2577 θήλεα,
471 2505 504 2560 τᾶ
536 2508 564 2560 δὲ
594 2501 690 2580 ἄρρενα
720 2508 852 2572 καλοῦσιν,

142 2590 170 2643 έν
190 2592 275 2665 ἐκείνῃ
293 2598 326 2666 τῇ
346 2594 415 2666 αίτίορ
432 2591 652 2668 περιλαμβάνεται
676 2598 709 2669 τῇ
728 2597 773 2648 καὶ
790 2592 852 2668 πρό-

142 2696 217 2749 τερον
246 2680 370 2753 εἰρημένῃ
398 2682 457 2753 περὶ
483 2686 534 2734 τῶν
565 2678 699 2754 ἀκάρπων,
734 2676 772 2735 ὅτι
800 2680 852 2735 διὰ

144 2761 341 2837 πυκνότητα
360 2768 404 2820 καὶ
423 2764 496 2842 ἰσχὺν
509 2763 708 2841 καὶεύτροφίαν
722 2763 852 2841 ἄκαρπα

141 2849 278 2920 γίνεται.

248 2952 375 3038 Omnia,
407 2975 490 3040 quae
520 2959 555 3020 in
587 2959 646 3021 hac
673 2958 870 3042 paragrapho
900 2955 1027 3019 Plinius
1061 2954 1149 3036 dicit,
1184 2955 1278 3038 plane
1313 2959 1500 3038 congruunt
1535 2974 1602 3019 cum

142 3058 251 3123 verbis
281 3059 495 3144 Theophrasti,
527 3064 592 3126 nisi
621 3063 707 3146 quod
730 3063 859 3126 Plinius
887 3061 981 3124 initio
1015 3058 1155 3142 exempli
1185 3078 1283 3122 causa
1312 3059 1429 3122 adiecit
1459 3059 1496 3122 in
1529 3058 1604 3124 Paro

141 3162 254 3225 silvam
281 3164 435 3228 caeduam
458 3166 538 3228 nihil
562 3167 654 3248 ferre,
678 3168 717 3230 de
741 3187 805 3250 qua
828 3165 913 3249 apud
935 3163 1184 3246 Theophrastum
1218 3163 1299 3226 nihil
1320 3162 1498 3226 invenitur.
1546 3163 1602 3230 Sed

140 3264 233 3329 facile
255 3266 382 3331 Plinius
405 3268 466 3331 hoc
492 3270 676 3353 exemplum
699 3269 831 3334 aliunde
847 3273 1013 3352 sumptum
1030 3267 1154 3331 adicere
1169 3268 1281 3350 potuit
1315 3265 1602 3350 Neglegentissima

140 3370 267 3453 scripsit
282 3370 426 3436 Plinius:
454 3372 526 3454 „Pit
547 3374 626 3438 haec
649 3374 825 3438 differentia
847 3377 879 3439 et
900 3392 942 3438 ex
958 3392 1052 3454 sexu,
1074 3373 1110 3435 in
1131 3373 1239 3455 iisque
1256 3390 1357 3435 mares
1373 3390 1441 3434 non
1465 3371 1602 3454 ferunt‘,

139 3491 215 3537 cum
237 3475 366 3539 nullum
389 3477 441 3540 hic
465 3481 569 3542 exstet
592 3477 794 3560 vocabulum,
818 3478 858 3541 ad
881 3477 968 3561 quod
993 3479 1047 3559 „in
1070 3476 1130 3539 ῖῖοα
1154 3476 1263 3540 referri
1285 3477 1417 3559 possint.

209 3610 281 3666 Haec
299 3629 352 3664 non
371 3615 479 3666 exstant
496 3614 567 3682 apud
585 3613 804 3682 Theophrastum.
968 3616 983 3683 ξ
1003 3617 1062 3671 112.
1110 3613 1286 3681 Gignentium
1309 3615 1398 3667 autem
1423 3615 1559 3682 quaedam
1583 3617 1606 3668 at

898 3700 1027 3755 hieribus
1045 3716 1179 3754 ramorum
1197 3703 1225 3753 et
1242 3700 1430 3754 cacuminibus
1450 3701 1555 3770 ferunt,
1579 3703 1608 3755 ut

207 3781 241 3836 H.
254 3783 284 3838 P.
297 3783 333 3851 Π,
352 3789 377 3852 6,
397 3789 426 3841 6:
447 3783 460 3840 ὸ
480 3789 525 3859 μὲν
545 3783 626 3861 ἄρρην
648 3783 726 3849 ἄνθος
744 3795 844 3863 πρῶτον
899 3788 984 3855 pirus,
1012 3787 1118 3856 punica,
1144 3788 1222 3855 ficus,
1246 3789 1362 3856 myrtus,
1393 3789 1484 3842 cetero
1515 3789 1606 3844 eadem

137 3872 211 3944 φέρει
237 3872 279 3924 έπὶ
306 3875 352 3943 τῆς
380 3869 491 3946 cuddae,
521 3870 539 3946 ἡ
566 3875 594 3928 δὲ
621 3871 715 3945 θήλεια
745 3874 844 3949 καρπὸν
898 3876 991 3928 natura
1021 3890 1088 3943 quae
1118 3874 1250 3941 frugibus.
1298 3890 1412 3943 namque
1442 3876 1471 3928 et
1503 3875 1534 3929 in
1570 3875 1608 3930 eis

137 3953 216 4016 εὐθὺς
235 3954 334 4030 μικρόν.
898 3961 974 4029 spica
1003 3960 1032 4014 in
1062 3960 1202 4015 cacumine
1238 3961 1373 4026 nascitur,
1408 3960 1553 4030 legumina
1580 3963 1608 4016 ia

207 4041 407 4111 c.P.l,20.a.
433 4040 568 4120 ’ἰδιωτάτη
588 4049 616 4102 δὲ
713 4054 763 4102 τῶν
781 4070 844 4124 anp—
896 4047 1035 4103 lateribus.
1084 4049 1171 4115 palma
1200 4048 1264 4109 sola.
1294 4049 1326 4101 ut
1355 4048 1459 4102 dictum
1491 4052 1550 4119 est,
1580 4049 1608 4103 ia

135 4135 190 4184 πῶν
208 4127 226 4202 ἠ
244 4133 340 4203 γένεσις
358 4136 404 4185 τοῦ
422 4133 537 4206 φοίνικος
550 4174 556 4186 .
568 4173 574 4186 .
586 4173 592 4186 .
604 4174 610 4186 .
623 4139 673 4187 τῶν
692 4138 843 4208 νοουμένων
896 4133 1002 4202 spathis
1015 4133 1095 4187 habet
1107 4133 1234 4204 fructum,
1253 4134 1367 4189 racemis
1384 4135 1605 4202 propendentem.

135 4214 261 4290 πρότερον
285 4213 369 4291 ὥσπερ
394 4216 428 4272 τά
453 4219 589 4294 σταχυηρὰ
612 4225 663 4274 τῶν
687 4219 842 4295 σπερμάτων
965 4223 982 4289 ἕ
1003 4226 1060 4280 113.
1097 4221 1221 4290 Reliquis
1250 4222 1301 4276 sub
1329 4221 1393 4276 folio
1420 4238 1550 4293 pomum,
1578 4224 1608 4278 ut

135 4303 259 4376 ἐκφαίνει.
314 4305 344 4357 ἐκ
372 4304 420 4378 γάρ
451 4311 501 4359 τῶν
533 4303 662 4379 ὁμογενῶν
693 4309 842 4382 έκφαίνεται
895 4310 1056 4376 protegatur,
1075 4310 1188 4376 excepta
1196 4309 1257 4377 fico,
1276 4309 1321 4363 cui
1330 4307 1425 4363 folium
1443 4325 1605 4366 maxumum

134 4386 255 4464 καθάπερ
279 4387 376 4466 στάχυς
394 4387 411 4463 ἠ
432 4389 526 4466 ῥάβδος
551 4394 649 4469 ἔχουσα
673 4393 736 4469 πρὸς
760 4396 841 4469 isturgi
895 4395 1194 4464 umbrosissimumque,
1212 4397 1240 4450 et
1257 4395 1318 4450 ideo
1337 4410 1419 4463 supra
1436 4394 1466 4448 id
1484 4413 1605 4464 pomum·

135 4473 179 4529 τὸν
198 4474 306 4550 καρπόν.
895 4481 921 4534 ei
957 4480 1066 4535 demum
1101 4482 1189 4535 serius
1226 4481 1322 4536 folium
1360 4481 1483 4536 nascitur
1527 4500 1607 4554 quam

205 4561 234 4616 O.
249 4562 279 4615 Ρ.
287 4563 321 4631 V,
336 4569 395 4632 1,r.
434 4563 472 4619 διὸ
490 4566 535 4619 καί
554 4560 658 4621 ἄπωθεν
676 4571 723 4621 τοῦ
743 4565 841 4641 φύλλου
894 4583 1012 4637 pomum.
1048 4567 1156 4637 insigne
1174 4569 1297 4637 proditur
1321 4569 1352 4623 in
1374 4567 1493 4637 quodam
1511 4586 1606 4640 genere

134 4646 221 4702 πάντα
238 4655 321 4704 ταῦτα
344 4652 440 4723 γίνεται
463 4654 509 4706 καί
535 4649 585 4728 οάχ
610 4648 693 4728 ὥσπερ
711 4652 742 4708 τὸ
761 4660 839 4709 σῦκον
895 4654 1013 4723 Ciliciae,
1054 4653 1145 4724 Cypri,
1177 4654 1299 4709 Helladis
1335 4655 1400 4710 ficos
1443 4655 1504 4710 sub'
1534 4656 1605 4739 italie¹

133 4733 289 4810 ἔμπροσθεν.
893 4756 1000 4810 grossos
1029 4757 1092 4796 vero
1119 4742 1181 4810 post
1210 4741 1307 4796 folium
1335 4740 1417 4796 nasci.
1464 4740 1552 4801 Ficus
1580 4745 1607 4798 et
