3292 5436
51 286 167 345 άκίου.
212 286 252 343 Τά
281 290 309 345 δὲ
336 293 380 345 καὶ
407 290 456 365 πρὸ
484 289 596 366 ζεφύρου
623 294 668 348 καὶ
696 314 761 366 μετα

52 372 365 451 πνοὰςεῦθύςζεφάρου·
385 380 441 433 καὶ
459 377 521 452 πρὸ
540 376 683 452 ζεφύρου
703 383 761 451 μὲν

49 461 196 538 κράνειαι
220 464 267 518 καὶ
293 463 482 539 θηλυκράνεια·
511 464 592 538 μετὰ
617 467 760 539 ζέφυρον

49 552 85 605 δὲ
112 548 236 624 δάφνη,
261 548 410 625 κλήθρα·
435 550 497 624 πρὸ
521 553 705 626 ἰσημερίας
727 554 760 608 δὲ

49 636 170 710 μικρὸν
216 638 349 710 φίλυρα,
396 640 503 710 Copia,
546 638 640 713 φηγὸς,
686 645 759 713 συκῆ.

49 724 278 798 Πριαῖβλαατα
303 726 416 781 δὲκαὶ
440 723 550 798 καρυά
574 728 619 781 καὶ
639 727 699 800 δρῦς
718 730 763 781 καὶ

51 808 136 883 ἀκτῇ·
167 811 204 866 ἔτι
228 813 256 866 δὲ
281 812 379 883 μᾶλλον
402 810 436 866 τὰ
459 807 572 885 ἀλσώδη,
597 811 630 866 τὰ
656 807 762 886 ἄκαρπα

50 901 190 962 δοκοῦντα,
209 894 327 972 ledan,
346 900 486 963 πτελέα,
503 901 588 963 ἰτέα,
602 899 761 972 αἴγειρος·

50 985 229 1044 πλάτανος
248 984 281 1039 δὲ
306 990 415 1059 μικρῷ
437 981 633 1059 ὀψιαίτερον
652 984 761 1041 τοάτων.

162 1089 280 1153 Omnia
304 1110 386 1173 quae
416 1097 553 1174 uterque
583 1092 721 1174 praebet,
755 1093 851 1176 plane
882 1098 1075 1176 congruunt,
1110 1094 1173 1157 nisi
1206 1094 1292 1176 quod
1325 1095 1452 1161 Plinius
1486 1099 1520 1161 in

56 1194 226 1259 nonnullis
249 1194 394 1257 ordinem
416 1195 586 1277 paululum
608 1197 756 1260 mutavit.
803 1195 910 1261 Verba
943 1197 1041 1260 Plinii
1077 1216 1154 1280 „per
1187 1217 1221 1261 se
1255 1204 1361 1285 autem
1396 1200 1520 1265 tardius

50 1300 116 1382 piri
151 1298 317 1362 silvestres
348 1318 443 1381 quam
476 1299 597 1363 cetera“
630 1301 825 1383 respondent
854 1299 1059 1384 Theophrasti
1074 1301 1196 1366 ‘verbis
1228 1299 1342 1389 ,ἀχράς
1374 1301 1407 1365 δὲ
1431 1309 1525 1390 μικρῷ

54 1399 175 1488 ὕστερον
223 1407 274 1486 τῆς
314 1399 429 1465 ἀπίου.“
485 1402 689 1467 Vocabulum
730 1407 872 1487 „cetera“
913 1405 1072 1489 significat
1112 1407 1213 1489 igitur
1249 1409 1333 1489 piros
1371 1405 1522 1488 urbanas,
1623 1423 1626 1429 ·

64 1507 184 1570 melius
208 1505 400 1570 scriberetur
425 1509 598 1588 „ceterae‘⁸,
627 1509 682 1571 sed
706 1508 792 1591 apud
813 1508 1063 1593 Theophrastum
1087 1511 1147 1572 hoo
1171 1515 1295 1574 mutare
1322 1530 1389 1573 non
1411 1512 1522 1576 audeo.

54 1610 189 1674 Plinius
221 1610 302 1673 dicit
330 1613 434 1694 primo
464 1610 593 1674 favonio
623 1631 757 1675 cornum
787 1615 973 1696 germinare,
1002 1613 1237 1697 Theophrastus
1268 1614 1341 1699 „apd
1369 1613 1523 1700 (scripum,

57 1715 188 1778 Plinius
221 1714 305 1778 inter
333 1716 454 1797 primas
483 1717 662 1798 germinare
692 1717 812 1797 alnum,
838 1716 1071 1801 Theophrastus
1102 1716 1197 1800 „perd
1219 1717 1341 1804 ζέφυρον
1364 1717 1523 1804 κλήθραν.“

60 1819 126 1883 Sed
142 1820 220 1882 haec
235 1819 390 1901 impedire
406 1838 470 1881 non
494 1827 640 1901 possunt,
665 1822 840 1902 quominus
863 1822 915 1883 hic
937 1820 1081 1884 Plinium
1096 1821 1308 1906 Theophrasto
1333 1842 1429 1886 usum
1454 1842 1523 1887 esse

58 1929 195 1988 auctore
217 1942 274 2006 pro
299 1928 383 1986 certo
406 1923 606 1986 contendam.

129 2041 175 2096 'lat
199 2044 232 2096 δὲ
257 2037 344 2096 ἄλλα
370 2045 677 2115 περιενιαταμένου
707 2049 766 2097 τοῦ

52 2127 153 2204 ἦρος,
182 2130 234 2184 οῖον
266 2127 369 2202 ἐρινεὸς,
402 2126 506 2202 ριλάκη,
539 2125 764 2194 ὀξυάκανθος,

53 2219 257 2291 παλίουρος,
282 2217 477 2289 τέρμινθος,
502 2213 595 2290 napta,
621 2215 698 2276 Διὸς
720 2214 765 2288 βά-

56 2308 152 2364 λανος·
171 2304 281 2376 μηλέα
299 2299 556 2377 δ’ὀψίβλαστος·
576 2298 765 2376 ὀψιβλοιστό-

888 2045 958 2112 §98.
976 2046 1114 2097 ceterae
1132 2059 1212 2096 vere
1230 2050 1410 2114 coeptare,
1424 2047 1524 2101 acui-

818 2129 957 2195 lolium,
980 2129 1222 2197 terebinthus,
1245 2130 1419 2202 paliurus,
1438 2136 1524 2188 easta·

819 2233 875 2280 nea,
910 2216 1027 2285 glandes,
1052 2217 1212 2271 serotino
1235 2221 1347 2272 autem
1370 2221 1524 2288 germine

819 2303 942 2367 malus,
968 2303 1175 2356 tardissimo
1201 2304 1310 2358 suber.
1358 2306 1525 2371 Quibusdam

819 2390 985 2457 germinatur
1014 2390 1181 2456 germinatio,
1209 2391 1294 2445 nimia
1323 2392 1374 2446 soli
1403 2394 1525 2447 ubertate

817 2479 865 2529 aut
882 2476 1027 2529 invitantis
1046 2475 1113 2529 caeli
1131 2476 1279 2544 voluptate,
1302 2478 1373 2546 quod
1391 2480 1477 2547 magis
1495 2481 1525 2533 in

817 2561 909 2615 herbis
935 2563 1057 2629 segetum
1082 2563 1180 2619 evenit.
1223 2563 1252 2616 in
1277 2564 1416 2618 arboribus
1435 2567 1524 2618 tamen

818 2649 902 2702 nimia
920 2649 1079 2716 germinatio
1097 2650 1246 2704 elassescit.

54 2412 161 2446 τατον
193 2391 221 2445 δὲ
251 2389 343 2466 σχεδὸν
376 2389 441 2463 ἴψος,
475 2385 567 2462 ciple,
598 2390 765 2463 τετραρωνίοι,

54 2477 142 2542 edera,
161 2480 242 2550 μίλος.

170 2774 210 2837 In
233 2774 336 2856 prima
359 2773 456 2835 huius
479 2773 668 2855 paragraphi
691 2773 852 2836 sententia
874 2771 972 2836 verba
994 2772 1093 2836 Plinii
1115 2775 1210 2856 plane
1234 2782 1418 2857 congruunt
1450 2795 1524 2840 oum

58 2877 168 2943 verbis
199 2877 416 2960 Theophrasti,
450 2878 511 2939 uisi
546 2877 632 2959 quod
663 2878 749 2960 apud
777 2877 920 2940 Plinium
955 2876 1109 2959 legimus:
1147 2886 1325 2960 „castanea
1359 2880 1525 2961 glandes‘,

57 2983 149 3067 apud
173 2982 423 3065 Theophrastum
448 2978 572 3064 ,καρύα
596 2979 814 3065 ὃιοοβάλανος.“
861 2978 1055 3062 „Castanea“
1082 2981 1201 3047 Graece
1228 2989 1275 3046 est
1298 2981 1411 3067 ,καρύα
1430 2980 1525 3073 Ἡρα-

57 3083 235 3166 ausonam,
260 3082 488 3168 ,,διοσβάλανος“
511 3083 624 3149 Latine
654 3085 832 3168 „iuglaus.“
880 3081 970 3158 Quae
1000 3085 1085 3167 apud
1117 3086 1263 3149 Plinium
1288 3087 1436 3170 legimus,
1459 3107 1525 3150 non

58 3196 147 3256 recte
174 3191 295 3254 tradita
324 3209 394 3252 esse
426 3195 514 3271 puto,
547 3208 621 3251 nam
654 3189 732 3271 quid
762 3187 957 3251 vocabulum
990 3190 1162 3272 „glandes“
1188 3190 1249 3254 sibi
1272 3192 1359 3272 velit,
1383 3191 1524 3274 intellegi

61 3315 130 3358 non
154 3299 267 3378 potest.
314 3293 397 3356 Nam
421 3313 495 3355 oum
515 3293 642 3356 Plinius
665 3293 717 3354 hic
740 3292 892 3374 loquatur
916 3293 955 3356 de
977 3295 1208 3376 germinatione
1231 3293 1391 3375 arborum,
1415 3301 1525 3377 postu-

60 3400 160 3479 latur,
182 3403 219 3461 ut
241 3399 293 3460 hic
316 3404 420 3462 exstet
442 3416 560 3461 nomen
581 3396 701 3460 arboris
718 3396 898 3477 cuiusdam,
922 3417 987 3460 non
1012 3399 1197 3480 „glandes“,
1221 3398 1308 3481 quod
1331 3397 1527 3462 vocabulum

58 3522 128 3581 non
152 3508 202 3566 est
223 3502 325 3582 arbor,
349 3502 405 3566 sed
428 3501 551 3565 fructus
574 3503 704 3566 arboris.
752 3501 968 3565 Schneiderns
989 3500 1060 3583 (Ill,
1079 3502 1150 3581 147)
1172 3503 1259 3585 apud
1282 3501 1425 3565 Plinium
1448 3503 1526 3566 haec

59 3608 156 3692 legit:
195 3612 336 3688 „ceterae
358 3625 433 3669 vere
457 3610 626 3689 coeptum:
662 3606 866 3688 aquifolium,
900 3612 1077 3688 castaneae,
1111 3607 1314 3691 iuglandes“,
1349 3626 1424 3670 oum
1458 3626 1524 3669 nou

64 3716 307 3792 commemorat,
341 3710 428 3773 unde
463 3710 545 3772 hano
581 3710 750 3774 lectionem
786 3715 952 3773 mutuatus
988 3711 1038 3773 sit.
1091 3709 1171 3773 Mihi
1194 3711 1285 3775 valde
1308 3711 1418 3794 placet.
1462 3709 1526 3774 Sed

60 3834 146 3879 num
169 3814 268 3878 verba
291 3813 499 3898 Theophrasti
522 3832 652 3897 prorsus
674 3821 759 3878 recle
781 3815 895 3877 tradita
919 3816 994 3894 sint,
1018 3813 1139 3878 dubito.
1197 3814 1281 3878 Nam
1313 3813 1422 3896 paullo
1453 3819 1527 3877 ante

63 3920 150 3983 dixit
172 3916 381 4004 ,πρωὶβλαστα
404 3916 437 3980 δὲ
460 3914 510 3981 καὶ
533 3915 629 4003 καρύα
652 3916 701 3982 καὶ
725 3921 791 4003 δρῦς
814 3915 863 3981 καὶ
886 3915 989 4001 άκτῆ.“
1043 3918 1203 3982 Secuntur
1224 3918 1291 3980 hio:
1323 3916 1376 3994 „roi
1405 3914 1432 3980 δ’
1448 3915 1527 3981 ἀλλα

62 4022 320 4108 περιενισταμένου
344 4027 396 4085 τοῦ
418 4015 488 4107 ἦρος
512 4021 559 4086 οἷα
680 4021 803 4108 καράα.“
848 4021 967 4086 Mirum
990 4028 1048 4103 est,
1073 4023 1159 4105 quod
1181 4021 1426 4105 Theophrastus,
1450 4041 1525 4085 cum

62 4132 131 4193 iam
155 4132 248 4191 antea
270 4125 382 4213 καρύαν
406 4131 641 4192 enumeraverit
663 4130 747 4192 inter
770 4146 823 4190 eas
846 4125 984 4208 arborea,
1008 4145 1090 4210 quae
1113 4131 1237 4190 mature
1259 4127 1448 4206 germinent,
1474 4126 1525 4188 hio

63 4250 182 4296 rursus
205 4250 275 4295 eam
298 4231 408 4296 laudet
429 4233 512 4295 iuter
535 4237 665 4313 ceteras,
690 4250 772 4315 quae
794 4250 869 4295 vere
891 4232 1032 4295 ineunte.
1088 4229 1169 4306 Mihi
1193 4230 1324 4313 quidem
1349 4231 1409 4293 hoc
1433 4229 1528 4294 dubi-

61 4336 219 4400 tationem
235 4337 365 4416 excitat,
388 4356 429 4398 an
446 4335 533 4419 apud
548 4334 800 4418 Theophrastum
822 4340 893 4417 post
916 4333 1047 4419 ,,καροά“
1072 4335 1226 4398 exciderit
1254 4331 1527 4419 ,,Ἡρακλεωτική“,

63 4442 111 4505 ita
144 4446 182 4504 ut
216 4439 424 4505 scribendum
457 4442 514 4504 sit:
549 4439 603 4516 „rai
627 4434 747 4504 e’atlla
869 4436 928 4501 οἷον
1049 4437 1146 4524 καράοι
1177 4436 1413 4523 Ἡρακλεωτική,
1450 4441 1528 4502 διοσ-

65 4542 221 4630 peraeae
244 4547 296 4592 -'
312 4545 522 4627 „Tardissime
551 4550 658 4608 autem
687 4544 804 4608 ουὶοοοιι
840 4543 967 4607 Plinius
1000 4543 1142 4627 praebet,
1176 4542 1409 4626 Theophrastus
1443 4540 1527 4628 ,ὀψι-

67 4646 265 4734 βλαστάτατον
288 4647 321 4712 δὲ
345 4649 450 4736 σχεδὸν
472 4645 546 4734 ἰ’ψος,
570 4646 648 4734 ἀρία,
672 4645 859 4734 tersio-putria,
889 4646 985 4724 θάεια,
1017 4645 1125 4734 μίλος.“
1172 4646 1256 4723 Quid
1288 4667 1329 4712 ex
1359 4648 1410 4712 his
1433 4666 1527 4733 voca·
