3292 5436
799 139 842 202 99

90 348 190 433 plane
219 350 359 414 eundem
388 349 530 412 ordinem
560 347 755 432 sequebatur
786 353 882 431 atque
912 348 1158 431 Tbeophrastus,
1190 350 1268 431 quin
1300 350 1413 414 iisdem
1444 349 1550 414 verbis

89 453 254 517 utebatur.
299 453 382 518 Nam
405 472 442 517 eo
466 454 525 517 orti
548 458 633 535 sunt,
657 453 743 536 quod
766 452 893 516 Plinius
918 472 981 516 uno
1005 454 1056 517 vel
1079 456 1190 536 paucis
1210 454 1314 517 verbis
1330 455 1483 538 neglectis
1500 474 1547 537 ea,

90 577 178 641 quae
202 563 365 640 secuntur,
395 559 517 622 rettulit
540 557 581 621 ad
604 576 651 637 ea,
685 576 767 640 quae
790 558 994 640 antecedunt,
1020 563 1076 622 aut
1099 558 1294 622 vocabulum
1316 559 1446 643 aliquod
1469 557 1548 623 falso

91 662 266 727 intellexit.
312 661 463 746 Exempli
486 668 565 745 grat.
591 662 698 727 adfero
721 681 844 746 paragr.
863 662 936 745 120,
959 662 1016 726 ubi
1039 662 1165 727 Plinius
1187 682 1297 747 granc,
1321 663 1407 746 quod
1423 662 1550 727 buxum

88 766 184 848 ferat,
207 786 326 831 nomen
348 766 461 831 tribuit
477 773 671 850 crataegum,
694 785 769 830 cum
786 767 872 850 apud
886 765 1137 851 Theophrastum
1154 766 1214 848 III,
1240 769 1290 848 15,
1313 765 1334 830 5
1358 765 1549 853 ,,κραταιγός“
1578 831 1581 835 ,

92 876 133 934 ut
156 873 284 956 propria
307 872 400 935 arbor
424 871 631 953 describatur,
654 875 815 954 praeterea
838 889 885 953 ea,
909 873 1049 954 quaein
1073 874 1174 956 capite
1192 872 1232 936 16
1255 871 1488 956 Theophrastus
1512 873 1551 937 de

86 976 166 1039 ilice
191 976 278 1057 dicit,
304 977 344 1040 ad
367 976 494 1040 buxum
517 975 689 1041 transtulit.
726 973 791 1038 Hic
814 993 899 1038 error
914 980 993 1039 tunc
1009 981 1133 1040 tantum
1151 977 1226 1040 oriri
1242 979 1357 1060 potuit,
1380 979 1408 1041 si
1428 983 1549 1060 auctor,

87 1099 160 1164 quo
189 1080 317 1145 Plinius
351 1080 520 1163 utebatur,
553 1080 648 1164 plane
682 1078 820 1143 eundem
853 1079 998 1144 ordinem
1027 1087 1123 1164 atque
1151 1081 1384 1164 Theophrastus
1419 1086 1550 1145 secutus

87 1184 225 1249 arbores
249 1186 425 1270 descripsit,
449 1187 495 1249 sic
517 1190 554 1248 ut
568 1184 669 1247 nullis
686 1183 757 1246 aliis
771 1182 869 1246 rebus
884 1184 1057 1249 interiectis
1073 1185 1200 1249 buxum
1216 1186 1322 1249 statim
1339 1190 1552 1270 sequerentur

87 1289 288 1375 ,,κραταιγός“
322 1296 353 1355 et
386 1290 527 1375 ,,πρῖνος“.
583 1289 750 1353 Praeterea
783 1287 892 1352 multis
926 1288 1015 1372 locis,
1049 1294 1086 1353 ut
1120 1309 1217 1373 supra
1246 1289 1472 1374 demonstravi,
1505 1292 1551 1355 ita

88 1394 288 1459 verbotenus
318 1393 416 1458 verba
446 1395 615 1478 utriusque
643 1393 783 1457 auctoris
811 1393 895 1456 inter
925 1412 959 1456 se
992 1400 1185 1478 congruunt,
1219 1400 1255 1459 ut
1288 1395 1439 1479 adpareat
1473 1397 1551 1460 haec

51 1530 55 1579 ς
91 1500 284 1583 singillatim
320 1518 337 1564 e
371 1499 485 1583 lingua
521 1499 641 1563 Graeca
674 1501 707 1561 in
740 1496 884 1580 linguam
912 1495 1059 1563 Latinam
1092 1519 1185 1564 versa
1214 1518 1291 1563 esse.
1346 1498 1417 1563 Nisi
1451 1501 1552 1584 igitur

91 1602 310 1687 Theophrasto
333 1607 415 1688 ipso,
438 1604 493 1667 tali
517 1608 645 1668 auctore
661 1603 793 1666 Plinius
816 1622 896 1666 usus
919 1610 977 1688 est,
1002 1606 1058 1688 qui
1080 1604 1246 1688 permultis
1262 1605 1340 1667 locis
1356 1603 1549 1670 verbotenus

51 1686 65 1805 Ξ
91 1708 301 1792 Theophrasti
324 1706 422 1771 libros
445 1708 650 1791 exscriberet,
674 1728 748 1772 curn
773 1727 1008 1792 nonnunquam
1032 1709 1140 1792 aliqua
1164 1708 1203 1772 de
1226 1727 1285 1772 suo
1301 1709 1446 1775 adiceret.
1489 1708 1552 1773 Sed

51 1812 63 1905 ἐ
95 1811 256 1876 Graecum
278 1817 452 1894 auctorem,
476 1814 532 1896 qui
556 1813 594 1877 de
616 1813 737 1896 plantis
754 1814 926 1896 scripserit,
948 1815 993 1877 ita
1015 1812 1208 1877 verbotenus
1223 1812 1429 1896 Theophrasti
1452 1814 1551 1879 verba

51 1934 64 2011 ς
93 1919 127 1981 in
153 1936 231 1981 suos
252 1917 351 1981 libros
373 1918 530 2000 recepisse
553 1936 619 1979 non
642 1915 816 1981 verisimile
832 1917 910 1979 mihi
926 1917 1063 1998 videtur,
1087 1917 1141 1981 sed
1158 1916 1250 1980 illum
1265 1919 1384 2000 potius,
1408 1920 1436 1982 si
1450 1918 1550 1983 Theo-

92 2023 224 2106 phrasto
247 2020 408 2104 utebatur,
437 2022 484 2085 sic
506 2040 542 2086 eo
568 2041 663 2086 usum
687 2040 755 2086 esse
779 2026 867 2104 pute,
898 2027 934 2084 ut
958 2042 1021 2085 non
1045 2020 1151 2104 verba,
1182 2021 1238 2085 sed
1260 2041 1392 2086 sensum
1415 2025 1449 2086 in
1473 2028 1550 2088 suos

95 2125 196 2190 libros
217 2128 380 2211 reciperet,
411 2132 571 2210 praeterea
595 2126 741 2191 ordinem
765 2128 1062 2210 quamplurimum
1092 2131 1237 2191 mutaret.
1283 2126 1366 2189 Nam
1397 2129 1456 2192 etsi
1478 2127 1548 2192 fieri

51 2216 57 2259 ἶ
94 2232 204 2314 potuit
235 2237 265 2295 et
288 2235 371 2295 certe
393 2231 513 2294 factum
536 2236 594 2312 est,
626 2238 663 2295 ut
692 2231 765 2312 quis
794 2231 892 2294 libros
916 2231 998 2294 alius
1029 2232 1177 2312 acetaria,
1209 2233 1264 2314 qui
1289 2231 1408 2297 Graeca
1438 2233 1549 2317 lingua

93 2355 176 2399 usus
212 2340 288 2418 erat,
321 2336 515 2400 verbotenus
544 2336 609 2400 fere
640 2337 674 2398 in
705 2334 851 2399 Latinam
881 2334 1026 2420 linguam
1056 2334 1247 2417 transferret,
1278 2356 1353 2399 cum
1383 2337 1548 2402 nonnullis

51 2422 71 2491 {²-
91 2445 223 2504 tantum
247 2440 325 2504 locis
348 2442 456 2524 aliqua
479 2441 625 2518 adiceret,
658 2445 765 2503 tamen
788 2460 854 2503 non
878 2439 1028 2504 credibile
1051 2459 1120 2504 esse
1143 2440 1221 2503 mihi
1244 2441 1370 2504 videtur
1394 2440 1549 2505 Graecum

51 2544 58 2559 ²
91 2544 239 2627 aliquem
262 2546 307 2608 ita
330 2544 523 2609 verbotenus
546 2543 643 2607 libros
666 2545 749 2607 alius
771 2544 882 2607 Graeci
906 2546 1045 2608 auctoris
1068 2549 1098 2608 et
1120 2546 1278 2608 notissimi
1295 2550 1331 2608 ut
1345 2545 1552 2629 Theophrasti

51 2696 55 2709 .
95 2649 318 2731 exscripsisse.
366 2648 456 2712 Certe
479 2650 566 2711 hunc
589 2649 748 2732 epitomen
771 2646 979 2732 Theophrasti
1002 2648 1162 2713 facturum
1186 2649 1285 2713 fuisse
1307 2638 1401 2732 put03
1425 2650 1481 2712 sed
1496 2649 1551 2714 tali

56 2786 59 2791 ·
89 2772 163 2816 non
191 2771 272 2817 usus
301 2758 348 2817 est
377 2753 514 2835 Plinius,
546 2772 618 2816 cum
651 2756 715 2816 tam
746 2753 857 2816 multis
888 2753 965 2816 locis
998 2753 1126 2837 singula
1155 2753 1253 2816 Plinii
1284 2758 1314 2817 et
1342 2751 1549 2836 Theophrasti

51 2856 54 2861 ’
91 2857 196 2922 verba
217 2859 301 2922 inter
323 2877 356 2922 se
378 2858 601 2942 respondeant.

202 2960 263 3026 His
291 2965 487 3045 argumentis
511 2982 585 3026 cum
609 2980 661 3025 me
684 2960 918 3026 demonstrasse
940 2965 1050 3042 putem
1074 2961 1228 3043 Plinium,
1259 2981 1341 3045 quae
1364 2962 1449 3044 apud
1473 2982 1546 3026 eum

51 3080 55 3085 ·
89 3085 173 3130 curn
195 3067 245 3149 iis,
275 3086 357 3150 quae
379 3067 615 3150 Theophrastus
645 3065 785 3150 praebet,
816 3069 1009 3149 congruunt,
1040 3084 1146 3149 neque
1176 3085 1218 3128 ex
1240 3064 1351 3128 Latino
1381 3085 1488 3150 neque
1511 3086 1552 3133 ex

55 3168 63 3174 “
89 3171 160 3234 alio
185 3168 305 3236 Graeco
329 3177 460 3235 auctore
483 3176 668 3236 mutuatum
691 3189 772 3253 esse,
794 3170 854 3232 hoc
875 3188 931 3253 pro
952 3174 1037 3234 certo
1053 3169 1226 3234 contendo:
1249 3169 1460 3253 Theophrasto
1476 3173 1547 3256 ipso

87 3275 242 3342 Plinium
264 3297 364 3342 usum
387 3295 464 3341 esse.

203 3380 374 3457 Quaeritur
395 3401 494 3465 nunc,
519 3403 583 3466 qua
605 3382 726 3445 ratione
748 3380 875 3444 Plinius
897 3378 1103 3464 Theophrasti
1126 3376 1216 3441 libris
1239 3396 1319 3442 usus
1343 3382 1392 3442 sit.

202 3484 364 3568 Equidem
397 3486 564 3551 adsentior·
588 3488 639 3569 iis,
671 3487 727 3568 qui
755 3485 909 3568 Plinium,
943 3505 1017 3548 cum
1045 3483 1143 3546 libros
1172 3501 1247 3545 suos
1275 3491 1486 3568 componeret,
1518 3489 1552 3550 in

51 3612 62 3635 ⁵
91 3589 237 3671 singulis
267 3590 411 3674 partibus
440 3611 544 3654 unum
575 3595 736 3654 auctorem
760 3595 797 3653 ut
818 3592 1044 3674 gravissimum
1068 3588 1252 3652 adhibuisse
1276 3590 1369 3653 etad
1392 3610 1438 3674 ea,
1468 3611 1551 3674 quae

53 3776 57 3787 ⁸
90 3712 140 3757 ex
175 3692 234 3756 hoc
264 3695 494 3779 exscripsissct,
524 3697 586 3760 alia
615 3714 656 3759 ex
687 3694 758 3757 aliis
789 3694 975 3758 auctoribus
1004 3698 1132 3777 sumpta
1161 3694 1314 3759 adiecisse
1343 3696 1552 3760 contendunt.

76 3796 152 3890 3Sic
180 3815 255 3861 cum
284 3801 323 3863 de
353 3801 471 3883 plantis
501 3801 638 3865 scribere
667 3800 830 3882 inciperet,
861 3800 1005 3863 omnium
1034 3803 1201 3862 auctorum
1231 3801 1371 3882 primum
1403 3800 1550 3865 adhibuit

91 3899 441 3987 Theophrastum,
466 3907 522 3989 qui
539 3925 664 3970 summa
679 3910 758 3968 tuuc
773 3907 806 3967 in
822 3903 919 3967 rebus
935 3903 1146 3986 phytologicis
1169 3904 1355 3968 auctoritate
1377 3903 1553 3988 fruebatur,

62 4012 66 4019 '
93 4005 147 4068 sic
170 4012 207 4067 ut
228 4005 267 4069 ab
292 4009 351 4072 hoc
375 4011 487 4086 omnis,
522 4030 618 4093 quam
647 4014 769 4074 veteres
799 4009 838 4073 de
861 4028 895 4072 re
917 4007 1061 4072 herbaria
1083 4006 1276 4097 habuerunt,
1305 4010 1438 4072 scientia
1467 4013 1554 4093 prin-

93 4108 222 4192 cipium
246 4111 375 4178 duceret
398 4132 505 4196 exque
528 4133 574 4197 eo,
598 4116 796 4199 quicumque
821 4114 860 4177 de
874 4115 993 4197 plantis
1010 4111 1146 4177 scribere
1161 4111 1298 4195 volebat,
1322 4118 1358 4176 ut
1374 4132 1392 4178 e
1406 4116 1553 4200 principe

92 4214 187 4279 fonte
209 4216 336 4282 haurire
361 4217 495 4283 deberet.
543 4218 605 4284 Sed
637 4238 711 4282 cum
741 4219 985 4303 quadringentis
1013 4218 1078 4282 fere
1101 4219 1194 4282 annis
1218 4218 1400 4301 posthunc
1423 4221 1555 4303 viveret,

95 4325 137 4383 ut
165 4321 235 4385 aius
263 4322 361 4388 libros
394 4323 589 4408 compilarat,
620 4323 726 4387 Plinio
757 4324 902 4389 sufficere
930 4343 995 4386 uon
1026 4324 1142 4406 potuit,
1173 4341 1248 4386 cum
1280 4341 1327 4406 eo,
1359 4324 1445 4405 quod
1472 4326 1556 4390 inter

93 4429 277 4510 utrumque
306 4433 381 4511 erat,
413 4431 515 4513 spatio
542 4428 662 4493 multae
685 4434 785 4493 terrae
809 4449 891 4513 quae
912 4427 1125 4511 Theophrasto
1156 4427 1303 4490 nondum
1330 4433 1424 4492 notae
1454 4438 1554 4515 erant,

94 4533 135 4595 in
167 4533 381 4615 cognitionem
412 4534 578 4598 hominum
611 4534 786 4614 venissent,
819 4539 856 4597 ut
890 4532 1001 4615 Gallia,
1037 4532 1218 4615 Germania,
1253 4531 1431 4614 Britannia,
1466 4536 1555 4620 aliae,

96 4654 241 4721 quarum
273 4637 312 4701 de
342 4639 460 4722 plantis
489 4640 582 4704 multi
612 4643 684 4723 post
705 4636 955 4722 Theophrastum
984 4642 1129 4702 auctores
1156 4637 1352 4719 rettulerant,
1382 4637 1487 4722 iisque
1517 4641 1556 4706 de

91 4742 205 4822 terris,
229 4761 310 4825 quas
325 4743 561 4828 Theophrastus
584 4745 647 4808 iam
664 4748 807 4826 noverat,
830 4748 866 4807 ut
882 4743 921 4808 de
938 4745 1026 4826 Asia,
1050 4742 1169 4825 Africa,
1193 4742 1272 4824 aliis,
1295 4742 1554 4824 expeditionibus
