3292 5436
726 174 839 268 '84

160 418 199 473 lo.
236 414 323 467 Alnus
342 417 432 467 autem
445 453 450 463 .
462 452 484 464 ..
498 454 503 465 .
516 415 628 469 humore
638 415 719 484 ,paulo
734 455 774 466 ...
787 455 792 465 .

89 501 180 555 minus
206 501 286 554 hahet
309 502 338 554 in
357 517 465 568 corpore
483 501 605 557 humoris
702 501 793 554 minus

88 588 168 642 habet
185 588 213 640 in
233 603 340 656 corpore
359 587 481 655 liquoris.

158 689 237 748 Theo.
253 692 288 760 V,
312 698 337 760 6,
361 698 392 750 4:
424 690 564 765 ὑγρότατον
593 694 621 746 δὲ
648 693 724 763 μελίη
749 694 793 745 καὶ

90 770 163 853 ὀΕόηᾸ

10 882 12 887 ’
158 884 192 949 V,
211 890 236 952 3,
256 889 280 941 5.
314 880 405 937 Ἐυτὶ
430 884 463 936 δὲ
487 885 543 936 καὶ
563 879 793 955 ἀστραβέστα-
916 881 1063 948 rigorem
1080 880 1278 933 fortissime
1298 881 1410 932 servat
1426 878 1469 931 uln

88 993 145 1027 τον
181 970 219 1026 τὸ
253 976 312 1042 τῆς
346 972 505 1030 πτελέας·
543 968 592 1023 διὸ
629 972 684 1023 καὶ
714 968 793 1028 τοὺς
846 967 885 1021 oh
916 967 950 1019 id
980 966 1189 1019 cardinibus
1226 967 1468 1019 crassamentis

1 1074 3 1090 ³
90 1066 250 1133 οτροφεῖς
274 1056 339 1112 τῶν
363 1058 472 1130 θυρῶν
497 1063 634 1110 ποιοῦσι
659 1057 793 1110 πτελεῖ-
846 1053 1023 1121 portarum
1045 1052 1256 1119 utilissima,
1282 1054 1409 1120 quoniam
1430 1052 1469 1104 mir

90 1167 179 1206 νους·
208 1143 252 1199 ἐὰν
280 1143 327 1218 γὰρ
355 1139 426 1198 οὗτοι
455 1146 564 1214 μένωσι,
592 1146 637 1197 καὶ
664 1145 690 1197 αἱ
716 1141 794 1217 θύραι
846 1141 994 1208 torquetur,
1022 1140 1249 1207 permutanda
1276 1141 1411 1193 tantum
1433 1139 1469 1192 sit

91 1235 209 1304 μένουσιν
236 1229 385 1305 ἀοτραβεῖς·
413 1232 435 1284 εἰ
461 1232 488 1284 δὲ
512 1229 556 1301 μὴ,
582 1231 792 1303 διαστρέφονται·
846 1242 1009 1280 cacumen
1036 1227 1074 1280 ab
1101 1226 1274 1280 inferiore
1309 1227 1359 1279 sit
1392 1225 1464 1280 card

24 1341 26 1348 ·
90 1318 196 1373 Ποιοῡοι
226 1314 249 1372 δ’
268 1315 375 1381 ου’τοὺς,
408 1319 553 1389 ἔμπαλιν
577 1319 732 1375 τιθέντες
755 1313 794 1368 τὰ
846 1313 945 1368 radix
964 1314 1132 1381 superior.

90 1405 183 1469 ξύλα,
202 1402 238 1458 τό
256 1425 291 1458 τε
310 1401 373 1458 ἀπὸ
392 1409 450 1475 τῆς
470 1405 577 1476 ῥίζης,
601 1405 661 1457 καὶ
678 1401 715 1456 τὸ
733 1399 794 1456 ἀπὸ

64 1497 148 1546 Ιτοῦ
173 1489 308 1566 φύλλου.
344 1490 497 1545 Καλοῦοι
522 1491 550 1544 δὲ
575 1491 598 1543 οἱ
621 1493 740 1548 τέκτονες
758 1488 794 1542 τὸ

91 1576 153 1633 ἀπὸ
172 1584 230 1660 του
249 1576 377 1650 φύλλου
395 1577 430 1631 τὸ
450 1572 527 1630 ἄνω.

160 1681 193 1749 V,
221 1687 251 1748 3,
279 1687 304 1740 6,
349 1679 382 1736 Ὃ
417 1683 450 1736 δὲ
484 1679 595 1753 φοῖνιξ
628 1686 726 1752 κοῦφος
750 1684 795 1734 καὶ
917 1679 1005 1744 ἓ211.
1036 1675 1304 1730 Palmasimilis
1325 1675 1469 1728 estsube

91 1766 194 1843 εὔεργος
229 1772 274 1823 καὶ
311 1768 426 1841 μαλακὸς
465 1763 575 1840 ὥσπερ
614 1765 626 1820 ὁ
665 1765 794 1839 φελλός.
848 1765 951 1832 spissae
969 1767 996 1817 et
1014 1763 1101 1816 malus
1126 1763 1264 1830 pirusque,
1288 1778 1349 1815 nec
1373 1778 1466 1815 nona

91 1859 198 1929 βελτίων
223 1858 250 1910 δὲ
268 1863 314 1911 τοῦ
335 1858 430 1930 φελλοῦ
450 1851 488 1909 ὅτι
507 1856 635 1928 γλίσχρος,
660 1856 742 1909 ἐκεῖνο
767 1855 795 1908 δὲ
849 1853 896 1907 sed
914 1852 1015 1919 fragile,
1034 1853 1067 1903 et
1085 1865 1319 1918 quaecumque
1339 1850 1457 1917 crispa.

90 1942 226 2018 hpcoordv.

159 2029 194 2097 V,
213 2035 237 2097 3,
257 2034 281 2088 3.
322 2029 447 2084 πυκνὸν
474 2031 501 2084 δὲ
524 2031 568 2083 καὶ
592 2025 610 2099 ἡ
634 2029 796 2101 οφένῦοιρνος

44 2150 45 2155 =
91 2121 147 2173 καὶ
170 2114 187 2190 ἠ
212 2119 305 2189 topic
328 2118 383 2171 καὶ
407 2113 490 2175 ὅλως
515 2112 625 2169 πάντα
649 2113 688 2167 τὰ
712 2111 795 2168 οὖλα

90 2207 135 2258 καὶ
152 2202 169 2276 ἠ
188 2206 263 2258 ἐλαία
282 2205 371 2257 δὲκαὶ
390 2200 403 2256 ὸ
422 2200 530 2266 κότινος,
550 2198 616 2256 ἀλλὰ
635 2206 743 2273 κραῠρα.

160 2310 189 2362 C.
212 2307 242 2360 P.
262 2307 294 2373 V,
320 2311 368 2374 12,
391 2312 415 2365 9.
458 2306 491 2361 τὰ
515 2304 600 2360 πυκνὰ
625 2308 669 2359 καὶ
694 2303 793 2379 ἰσχυρὰ,

90 2401 207 2450 τοιοῦτον
226 2393 274 2468 γὰρ
293 2391 311 2466 ἠ
331 2389 413 2454 ἄπιος.

195 2551 294 2614 Hune
325 2551 422 2613 Plinii
456 2551 562 2613 locum
593 2549 761 2613 emendare
795 2548 881 2610 vario
915 2549 1020 2608 conati
1055 2552 1131 2609 sunt
1164 2549 1362 2628 interpretes.
1421 2546 1469 2608 Cor

93 2656 241 2718 tradunt:
276 2656 399 2737 „palma
430 2660 477 2717 cst
506 2654 591 2716 milis
622 2659 653 2715 et
684 2652 808 2715 suberis
837 2653 992 2714 materies.
1045 2653 1166 2734 spissae
1189 2657 1219 2714 et
1243 2650 1348 2714 malus
1372 2650 1452 2714 etc.“

78 2759 224 2841 'quidem
247 2759 354 2819 iudice
379 2757 557 2818 secundum
583 2757 811 2835 coniecturam,
835 2775 932 2837 quam
954 2753 1013 2815 Ed.
1032 2752 1245 2818 Schwartzius
1267 2754 1411 2837 benigne
1428 2773 1469 2817 m<

94 2862 355 2940 communicavit,
379 2861 455 2922 haec
480 2859 648 2922 scribenda
671 2862 763 2921 sunt:
788 2858 936 2940 „Palmae
953 2859 1066 2922 similis
1082 2864 1113 2922 et
1129 2858 1253 2922 suberis
1269 2860 1432 2940 materies,
1456 2878 1469 2920 s

93 2975 123 3030 et
147 2965 250 3027 malus
273 2966 429 3047 pirusque
454 2983 601 3026 necnon
625 2982 706 3043 acer,
730 2963 785 3026 sed
808 2963 930 3045 fragile,
954 2969 985 3025 et
1009 2981 1234 3045 quaecumque
1259 2964 1400 3045 crispa“.

197 3083 245 3148 De
269 3087 373 3148 verbis
407 3085 482 3165 „sed
514 3084 658 3165 fragile‘t,
690 3083 812 3165 dubito,
844 3084 923 3167 quid
957 3084 1068 3148 dicam.
1113 3084 1261 3148 Budaeus
1292 3102 1329 3146 ea
1358 3085 1400 3146 ad
1432 3106 1470 3148 su

94 3191 256 3252 materiem
287 3189 386 3250 relata
415 3189 517 3249 voluit
551 3189 731 3250 secundum
753 3188 1015 3270 Theophrastum,
1044 3208 1118 3250 cum
1149 3189 1194 3250 sic
1224 3189 1369 3268 scripsit:
1406 3188 1469 3268 „Pe

94 3301 124 3355 ct
148 3291 272 3355 suberis
295 3293 441 3354 materies
464 3291 580 3372 mollis,
604 3292 659 3354 sed
682 3290 802 3374 fragilis
824 3291 979 3355 suberis‘.
1017 3292 1177 3374 Equidem
1194 3292 1359 3354 haedere
1377 3292 1469 3355 diiud

94 3416 144 3459 me
169 3416 234 3458 non
257 3413 350 3476 posse
372 3394 529 3477 profiteor.

165 3550 197 3617 V,
222 3553 246 3615 4,
271 3552 294 3605 l.
327 3544 469 3602 ”λπαντα
495 3551 528 3602 δὲ
551 3549 589 3602 τὰ
614 3545 711 3622 ἅγρτα
735 3555 797 3602 τῶν
921 3550 982 3618 „In
1007 3551 1165 3604 omnibus
1191 3549 1384 3602 silvestria
1411 3553 1447 3604 et

95 3636 242 3710 ἡμέραν,
274 3637 391 3688 καὶτὰ
415 3630 539 3708 ἄρρενα
562 3641 624 3688 τῶν
649 3637 797 3708 θηλειῶν
851 3637 929 3690 cula
952 3636 1194 3690 differentiam
1218 3637 1395 3703 cuiusque
1419 3655 1469 3706 ger

95 3718 289 3794 πυκνότερα
325 3740 359 3774 τε
396 3724 451 3774 καὶ
487 3719 702 3795 σκληρότερα
742 3726 798 3777 καὶ
850 3725 986 3790 augent.
1028 3727 1060 3777 et
1084 3723 1275 3776 infecunda
1298 3723 1466 3797 firmiora

95 3807 279 3883 βαρύτερα,
317 3810 372 3861 καὶ
402 3806 437 3860 τὸ
469 3803 546 3861 λλον
578 3807 797 3882 ἰσχυρότερα,
851 3809 994 3876 titibus,
1028 3810 1100 3863 nisi
1131 3826 1195 3878 quo
1224 3811 1258 3861 in
1291 3824 1419 3876 genere
1452 3829 1469 3864 n

95 3893 214 3968 καθάπερ
239 3896 283 3948 καὶ
307 3891 432 3967 πρότερον
456 3895 570 3966 εἴπομεν.
607 3892 654 3954 Ὣς
673 3893 750 3950 δ’ἐτὶ
768 3895 798 3949 τὸ
850 3897 983 3963 ferunt,
1009 3896 1104 3950 sicut
1129 3911 1319 3964 cupressus
1345 3899 1381 3948 et
1406 3915 1465 3952 cor

94 3984 216 4037 πᾶνκαὶ
234 3979 272 4033 τὰ
292 3977 513 4052 ἀκαρπότερα
531 3987 593 4035 τῶν
613 3984 797 4056 καρπίμων,

86 4072 139 4123 ’καὶ
164 4067 197 4122 τὰ
226 4068 305 4142 χείρω
333 4071 384 4119 τῶν
412 4069 672 4143 καλλικαρττοτέρων·
700 4071 728 4122 εἰ
756 4067 798 4141 μή

95 4177 157 4210 που
184 4151 445 4227 καρπιραίτερον
477 4154 512 4208 τὸ
544 4150 656 4228 ἄρρεν,
689 4151 797 4227 ὥσπερ

96 4238 162 4295 ἄλλα
189 4243 217 4294 τέ
246 4260 307 4314 φασι
335 4242 379 4294 καὶ
410 4239 470 4312 τὴν
503 4238 709 4314 κυπάριττον
742 4244 799 4294 καὶ

95 4328 154 4400 τὴν
173 4327 344 4401 κρανείαν.

200 4467 237 4529 In
263 4487 384 4549 paragr.
411 4468 484 4547 209,
514 4469 588 4549 210,
619 4469 680 4532 211
707 4469 936 4551 componendis
959 4469 1087 4534 Plinius
1110 4490 1161 4534 me
1185 4471 1316 4552 quidem
1332 4446 1456 4538 iudice

29 4586 32 4595 ’
98 4571 247 4656 pluribus
271 4569 455 4633 auctoribus
478 4591 558 4634 usus
582 4578 639 4653 est,
664 4593 802 4655 quorum
817 4579 940 4657 praeter
955 4573 1205 4656 Theophrastum
1230 4593 1318 4637 unus
1343 4594 1420 4641 esse
1438 4581 1469 4641 vi

99 4675 278 4738 Vitruvius
325 4672 453 4735 Praeter
482 4674 540 4737 hos
564 4675 662 4738 alium
686 4677 737 4740 vel
760 4678 838 4741 alios
861 4683 1006 4741 auctores
1029 4680 1183 4761 excussit,
1213 4698 1230 4741 e
1255 4677 1380 4760 quibus
1406 4703 1469 4746 non

98 4780 222 4844 adiecit.
271 4775 448 4839 Videamus
470 4777 615 4860 singula!

170 4964 388 5128 Λ.
