3292 5436
822 146 865 209 64

183 355 199 420 ἓ
226 358 267 412 10.
304 349 381 428 Ἔχει
406 351 519 414 baltha
542 355 573 407 ἐκ
596 359 643 425 τῆς
666 350 766 426 φύσεώς
790 372 819 406 τε

70 439 73 443 ’
109 446 243 497 τοιοῦτον·
267 443 312 495 καὶ
336 439 384 515 γὰρ
403 437 454 495 ἀπὸ
473 446 522 494 τῶν
541 442 656 511 βλαστὼν
681 437 818 512 ἀφίησιν

113 526 166 583 οίεὶ
203 529 297 601 ῥίζας
335 524 395 581 ἀνὰ
432 530 534 599 μέσον
570 532 632 581 τῶν
670 523 818 600 φιίλλων,

111 617 234 688 αἷσπερ
272 611 427 668 ἐνδύεται
463 621 534 674 τοῖς
571 615 730 687 δένδροις
763 615 820 666 καὶ

110 709 183 762 τοῖς
200 702 359 776 τειχίοις,
387 703 441 754 οἷον
460 700 607 773 ἐξεπίτηδες
632 703 820 773 πεποιημένοις

114 786 163 844 ὑπὸ
190 795 237 861 τῆς
265 787 376 863 φύσεως.
422 782 467 842 hal
495 790 539 842 aui
566 785 748 861 ἐξαιρούμενος
770 786 819 858 τὴν

111 873 243 949 ὑγρότητα
278 878 323 930 καὶ
359 876 442 929 ἕλκων
479 871 630 948 ἀφαυαίνει·
667 876 727 928 καὶ
762 873 820 927 ἐὰν

110 959 272 1035 διιοαοπῇ
291 959 460 1026 κάτωθεν,
485 958 627 1016 δυ’ναται
646 963 819 1032 διαμένειν

112 1051 254 1121 καὶζῆν.
281 1045 374 1123 Ἔχει
394 1050 496 1103 δὲκαὶ
514 1049 634 1120 ἑτέραν
655 1045 819 1120 διαφορὰν

112 1134 198 1190 ,κατὰ
223 1135 278 1190 τὸν
306 1133 434 1210 καρπὸν
463 1132 492 1190 οὐ
519 1131 627 1207 μικράν·
656 1131 670 1188 δ
698 1137 744 1206 μὲν
771 1132 818 1206 γὰρ

111 1219 249 1294 ἑπίγλοκνίς
268 1224 343 1287 ἐστιν,
363 1220 376 1276 δ
396 1224 429 1276 δὲ
448 1219 577 1295 σφόδρα
595 1219 735 1294 πικρὸς,
763 1223 820 1274 καὶ

112 1314 169 1363 τοῦ
194 1311 316 1364 λευκοῦ
341 1312 397 1363 καὶ
420 1314 478 1363 τοῦ
504 1310 659 1380 μέλανος.
705 1306 819 1378 Σηρεῖον

108 1392 146 1459 δ’,
175 1391 214 1449 ὅτι
240 1395 296 1449 τὸν
324 1398 382 1468 μὲν
411 1395 583 1449 ἐσθίουσιν
613 1395 643 1448 ol
670 1389 818 1467 ὄρνιθες,

110 1501 168 1535 τον
187 1478 211 1535 δ’
224 1477 269 1535 od.

217 1604 361 1667 Pessime
384 1603 437 1665 hic
458 1603 587 1666 Plinius
612 1600 818 1684 Theophrasti
840 1599 937 1664 verba
960 1599 1104 1663 confudit
1127 1598 1434 1680 evidentissimeque
1459 1616 1503 1662 ex
1519 1598 1569 1661 boo
1613 1668 1615 1687 ι

115 1709 184 1770 loco
216 1708 346 1790 adparet
375 1706 518 1770 Plinium
542 1705 754 1789 Theophrasto
782 1708 863 1788 ipso,
898 1705 954 1769 sed
986 1723 1112 1768 summa
1140 1723 1216 1766 eum
1243 1703 1447 1786 neglegentia
1478 1720 1568 1766 usum
1612 1692 1615 1775 ξ

111 1830 192 1874 esse.
240 1809 451 1875 Oemmisouit
473 1829 519 1887 ea,
546 1830 628 1893 quae
648 1810 882 1893 Theophrastus
906 1809 983 1872 dicit
1007 1808 1045 1872 de
1068 1807 1169 1871 helice
1192 1804 1463 1891 ,,ἀποκιττοομένῃ“
1488 1805 1570 1869 etde

111 1916 201 1977 omni
230 1915 358 1996 hedera,
392 1917 562 1998 praecipue
596 1915 634 1978 de
664 1916 757 1998 nigra
789 1921 820 1977 et
843 1913 1052 1976 candidarum
1085 1930 1132 1992 ea,
1168 1929 1251 1994 quac
1274 1911 1449 1995 asperrima
1472 1909 1572 1972 immi-

112 2020 303 2103 tissimaque
337 2021 387 2101 sit,
423 2026 454 2083 et
488 2020 623 2082 contulit
654 2019 694 2082 ad
724 2039 827 2080 unum
855 2037 970 2100 genus,
1006 2018 1059 2079 eui
1093 2034 1210 2079 nomen
1245 2014 1358 2078 tribuit
1390 2012 1573 2096 „candidat

113 2122 285 2198 Quodnam
309 2143 415 2206 genus
440 2125 500 2186 heo
522 2125 653 2186 nomine
677 2122 858 2206 significare
873 2122 964 2184 vult?
1009 2120 1170 2184 Hederam
1194 2119 1365 2182 candidam
1382 2138 1426 2182 an
1441 2119 1573 2182 helicem

113 2227 308 2289 candidam?
355 2227 523 2291 Conexum
555 2227 727 2290 verberum
760 2227 982 2308 contemplatis
1006 2223 1141 2288 dubium
1165 2243 1234 2288 esse
1257 2243 1323 2286 nen
1345 2228 1464 2306 petest,
1498 2224 1573 2306 quin

114 2331 192 2394 haec
214 2331 379 2395 referenda
402 2332 468 2395 sint
490 2331 530 2394 ad
552 2332 686 2395 helicem
710 2331 886 2407 candidam,
910 2349 983 2393 nam
1009 2331 1073 2392 iam
1095 2329 1171 2401 inde
1187 2348 1205 2391 a
1220 2347 1342 2412 paragr.
1358 2327 1421 2391 148
1443 2327 1573 2394 locutus

116 2439 164 2497 est
185 2434 314 2500 Plinius
338 2436 376 2500 de
399 2436 501 2500 helice
524 2437 660 2518 eiusque
683 2435 871 2519 generibus:
902 2433 1056 2498 herbacea
1079 2452 1116 2496 ac
1138 2434 1271 2514 virente,
1301 2431 1449 2513 candida,
1472 2432 1570 2495 versi·

115 2539 231 2603 colore.
255 2576 298 2585 —
321 2540 417 2604 Initio
441 2561 561 2624 paragr.
586 2540 648 2604 152
674 2540 750 2602 dicit
772 2539 899 2602 Plinius
932 2538 1008 2620 „sed
1032 2538 1195 2621 proprium
1219 2535 1349 2616 albae“;
1380 2536 1437 2598 eui
1460 2533 1574 2599 albae?

113 2640 230 2706 Utrum
255 2644 432 2723 „hederae“
452 2664 494 2707 an
512 2644 644 2726 „helici‘
664 2644 880 2726 supplendum
897 2643 966 2706 est?
989 2635 993 2643 ’
1012 2640 1080 2706 Sub
1102 2640 1199 2704 finem
1216 2658 1337 2722 paragr.
1355 2639 1416 2704 151
1433 2641 1573 2722 primum

112 2745 154 2808 de
184 2746 335 2810 omnibus
367 2740 559 2811 hederarum
588 2745 762 2828 generibus
791 2747 947 2828 loquitur,
982 2745 1097 2809 deinde
1128 2745 1167 2807 de
1197 2743 1298 2808 helice
1322 2743 1462 2807 eandida
1494 2747 1575 2825 (narn

116 2869 193 2912 cum
223 2868 270 2931 ca,
303 2870 386 2932 quae
408 2850 610 2931 antecedunt,
641 2850 681 2912 ad
703 2850 786 2913 hanc
808 2852 1029 2934 pertinuerint,
1058 2867 1234 2934 pronomen
1263 2847 1379 2929 „huic“
1411 2867 1574 2932 nusquam
1612 2856 1615 2863 '

110 2952 174 3016 alie
197 2952 305 3015 referri
330 2955 454 3037 petest),
487 2955 626 3037 denique
657 2955 696 3017 de
719 2957 811 3039 nigra
840 2975 882 3020 sc.
905 2955 1021 3019 hedera
1051 2973 1102 3018 me
1126 2953 1256 3036 quidem
1278 2953 1396 3033 iudice,
1429 2972 1510 3016 narn
1538 2953 1572 3016 de

111 3057 248 3120 helice
282 3059 374 3140 nigra
407 3077 570 3142 nusquam
606 3065 699 3123 antea
732 3060 860 3124 loeutus
894 3065 942 3124 est
971 3060 1108 3123 Plinius.
1172 3056 1200 3120 Ε
1236 3076 1364 3121 conexu
1398 3057 1570 3122 verborum

114 3161 214 3242 igitur
247 3180 312 3222 nen
346 3161 487 3243 adparet,
523 3162 601 3245 quid
633 3164 672 3226 ad
698 3164 825 3245 „albae“
859 3164 1076 3247 supplendum
1099 3164 1149 3226 sit.
1206 3161 1373 3226 Praeterea
1406 3182 1571 3246 nusquam

112 3268 208 3326 antea
230 3263 359 3326 Plinius
384 3264 466 3327 dixit
489 3266 528 3329 de
551 3267 653 3330 helice
676 3268 727 3330 vel
751 3268 789 3330 de
811 3267 926 3330 hedera
949 3267 1060 3349 alba,
1091 3285 1217 3349 semper
1239 3286 1320 3330 usus
1344 3271 1392 3329 est
1415 3265 1572 3330 adiective

115 3367 306 3449 „eandida“.
354 3365 443 3443 Quae
466 3388 517 3432 res
541 3375 664 3452 praeter
687 3375 733 3433 tet
756 3371 834 3435 alies
857 3390 977 3435 errores
1002 3371 1207 3453 demonstrat,
1231 3375 1353 3454 quanta
1368 3370 1572 3454 neglegentia

114 3470 244 3534 Plinius
266 3472 301 3534 in
324 3470 414 3534 libris
437 3474 505 3534 suis
530 3474 762 3556 componendis
785 3495 865 3538 usus
889 3476 938 3538 sit.

219 3575 257 3637 ln
282 3573 418 3657 singulis
449 3595 578 3659 quoque
607 3577 704 3641 rebus
732 3578 832 3642 nihilo
861 3580 969 3642 minus
1000 3584 1260 3662 argumentorum
1293 3579 1520 3662 neglegentiae
1546 3583 1574 3643 et

117 3680 317 3762 ignorantiae
341 3677 439 3741 Plinii
462 3681 655 3743 invenimus

221 3782 374 3866 Legimus
397 3783 432 3844 in
457 3802 580 3865 paragr.
595 3784 655 3847 151
682 3803 854 3866 „mammas
877 3786 1036 3868 erigentis,
1060 3805 1142 3868 quae
1165 3791 1242 3850 sunt
1265 3787 1378 3850 ceteris
1400 3786 1573 3852 inflexae“.

113 3886 202 3962 Quid
234 3885 296 3949 sibi
319 3884 390 3946 vult
413 3885 607 3950 vocabulum
640 3889 857 3969 „mammas“?
903 3888 993 3952 Certe
1023 3890 1115 3952 nihili
1145 3895 1193 3954 est
1221 3897 1252 3954 et
1274 3909 1311 3954 eo
1335 3895 1453 3974 ort-um,
1488 3889 1571 3976 quod

116 3990 244 4054 Plinius
280 3990 315 4050 in
352 3986 448 4068 libre,
487 4009 551 4071 quo
585 3992 753 4074 utebatur,
792 3992 997 4076 Theophrasti
1028 3994 1105 4076 legit
1139 4014 1195 4077 pro
1229 3991 1297 4072 „ael
1330 3995 1389 4066 τοῖς
1423 3996 1572 4081 βλαστοῖς·

114 4092 203 4165 εὐθὺς
236 4090 292 4176 γὰρ
323 4089 428 4176 epitom
464 4089 546 4178 ἔχει66
576 4091 644 4170 „ael
666 4096 724 4166 τοῖς
748 4097 867 4178 μαστοῖς
889 4101 983 4174 ντλ.“,
1020 4117 1102 4180 quae
1130 4100 1224 4162 vertit
1251 4118 1318 4162 nen
1351 4099 1468 4165 videns
1499 4102 1573 4166 haec

115 4201 225 4282 inepta
248 4215 326 4260 esse.

221 4299 336 4362 Eidem
359 4298 579 4381 neglegentiae
603 4300 760 4365 debentur
781 4301 895 4366 verba:
928 4306 1064 4386 „racemi
1087 4310 1208 4370 stantes
1231 4327 1268 4371 ae
1291 4306 1468 4392 subrecti‘,
1492 4326 1573 4393 quae

114 4406 203 4490 apud
233 4403 378 4467 Plinium
408 4402 501 4463 nihili
531 4410 618 4485 sunt,
653 4423 727 4468 cum
759 4405 968 4489 disputationi
997 4408 1248 4492 Theophrasteae
1282 4413 1466 4477 neccssaria
1501 4415 1571 4478 sint.

111 4509 349 4594 Theophrastus
384 4505 575 4569 differentias
608 4506 719 4571 helicis
753 4506 1000 4596 ἀποκιττουμένης
1035 4517 1066 4577 et
1099 4514 1176 4577 alias
1210 4520 1243 4578 et
1270 4516 1354 4579 hane
1382 4534 1455 4582 esse
1491 4517 1575 4600 dicit,

116 4615 206 4698 quod
237 4612 344 4677 statim
366 4614 452 4672 recta
483 4608 597 4672 habeat
625 4613 779 4694 germina,
810 4633 885 4676 oum
916 4620 1092 4681 ceterorum
1114 4617 1226 4682 helicis
1248 4639 1405 4703 generum
1428 4625 1573 4706 germino

112 4721 182 4784 sint
204 4716 339 4795 deflexa,
368 4711 485 4776 hedera
518 4715 636 4793 autem,
667 4732 740 4777 oum
771 4734 880 4780 semen
910 4719 1048 4801 preferre
1077 4723 1241 4806 inceperit,
1270 4741 1403 4807 germen
1436 4726 1577 4793 sublime

90 5016 134 5120 ι
256 4848 493 5120 ft<
