3292 5436
776 119 819 184 43

57 323 157 400 ὀμοιον
182 330 272 402 κέρατι
295 326 344 399 τὴν
369 323 520 398 πυκνότητα
546 326 592 379 καὶ
615 323 663 397 τὴν
687 323 775 399 ίσχιίν·

54 413 99 468 τὸ
119 416 155 470 δὲ
173 420 233 487 τῆς
257 413 518 487 δηλυκρσνείας
543 409 695 486 ἐντεριώνην
715 412 776 486 ἔχον

59 503 110 556 καὶ
141 498 327 575 μαλακώτερον
355 503 400 554 καὶ
428 496 638 572 κοιλαινόμενον·
666 497 705 552 διδ
732 499 777 552 καὶ

58 585 108 664 άχ
117 595 210 664 ρεῖον
229 590 265 649 είς
282 586 316 642 τδι
335 584 452 642 ἀκόντια,

174 692 290 758 Omnia
312 693 378 758 fere
400 695 574 777 utriusque
595 692 692 758 verba
716 696 911 776 congruunt,
934 691 999 754 nisi
1022 691 1107 774 quod
1131 690 1259 753 Plinius
1283 690 1375 752 initio
1398 690 1531 756 adiecit:

10 862 15 869 ,
68 799 196 882 „primo
213 799 398 879 candidum,
414 802 525 882 postea
542 797 791 880 sanguineurn“,
806 803 915 879 postea
932 795 1112 876 „acerbas.“
1137 792 1343 858 Vocabulum
1362 793 1530 876 „acerbas“

63 902 162 967 facile
191 921 209 967 e
239 921 338 966 sensu
370 900 487 965 addere
518 901 634 984 potuit,
669 900 725 963 sed
758 900 846 964 unde
880 900 1010 964 duxerit
1046 899 1168 982 „primo
1202 898 1385 979 candidum,
1422 904 1532 982 postea

66 1006 320 1090 sanguineum“,
351 1004 473 1070 dubito.
530 1005 629 1088 Apud
659 1004 923 1087 Theophrastum,
958 1005 1004 1068 sic
1026 1008 1064 1066 ut
1085 1001 1183 1066 verba
1211 1004 1281 1066 eius
1303 1004 1419 1067 tradita
1447 1009 1534 1085 sunt,

66 1114 154 1174 certe
176 1109 258 1172 nihil
281 1111 344 1174 tale
367 1115 489 1189 exstat,
513 1109 568 1173 sed
591 1113 677 1172 recte
692 1106 907 1172 Schneiderus
930 1107 1007 1171 mihi
1025 1106 1153 1170 videtur
1175 1106 1346 1171 adnotasse
1368 1109 1402 1171 in
1426 1107 1534 1172 verbis

63 1212 196 1299 ,,σχεδὸν
219 1209 317 1299 ὥσπερ
340 1217 469 1298 πρῶτον“
492 1212 662 1277 manifesto
684 1213 809 1277 vitiosis
836 1217 867 1276 et
897 1232 994 1277 sensu
1026 1212 1125 1274 cassis
1154 1211 1269 1273 vitium
1301 1211 1405 1275 latere.
1457 1211 1533 1277 For·
1600 1193 1602 1200 ¹

64 1324 154 1382 tasse
175 1319 228 1381 hie
252 1319 362 1402 aliqua
384 1317 585 1398 exciderunt,
610 1335 692 1399 quae
715 1317 910 1401 respondent
930 1317 1031 1380 Plinii
1054 1314 1171 1396 verbiS,
1194 1315 1268 1378 talia
1291 1314 1371 1379 fere:
1395 1314 1475 1392 ,ἔστι
1497 1315 1532 1379 δὲ

63 1418 80 1481 ὁ
107 1421 218 1506 καρπδς
249 1426 361 1506 πρῶτον
391 1420 442 1506 μὲν
473 1421 585 1497 λεοκδς,
617 1416 734 1506 ὕστερον
764 1420 797 1484 δὲ
827 1416 923 1506 ὥσπερ
955 1417 1123 1504 αἱματόεις*
1152 1419 1204 1482 vel
1238 1420 1363 1483 similia.
1420 1418 1532 1486 Cetera

65 1526 156 1609 apud
178 1533 355 1610 utrumque
377 1527 473 1609 plane
497 1531 692 1609 congruunt,
725 1527 771 1589 sio
798 1531 923 1589 utnon
947 1524 1101 1608 dubitem,
1132 1525 1213 1608 quin
1247 1546 1288 1591 ex
1317 1524 1533 1608 Theophrasto

62 1631 136 1714 ipso
160 1636 288 1714 sumpta
311 1633 384 1694 sint.

134 1746 188 1815 ΠΙ,
204 1755 230 1817 4,
248 1755 273 1808 4.
309 1749 501 1825 Τέρμινδος
526 1752 774 1826 δὲπερὶπυροῦ

62 1833 199 1908 άμητδν
228 1833 309 1909 ἢκαί
337 1843 421 1911 μικρῷ
442 1833 600 1912 ὀψιαίτερον.
619 1836 773 1893 ἀποδίδωσι·

63 1923 168 1995 μελία
198 1925 256 1996 καὶ
287 1925 501 1998 σφένδαμνος
531 1932 577 1979 τοῦ
607 1927 700 1999 δέρους
729 1925 773 1980 τδν

63 2007 183 2082 καρπόν·
208 2008 311 2084 κλήθρα
337 2012 364 2066 δὲ
383 2015 437 2066 καὶ
456 2010 564 2086 καρύα
588 2014 644 2066 καὶ
670 2009 774 2088 ἀχρά-

63 2097 294 2168 δωντιγένσς
320 2098 532 2173 μετοπώρου·
558 2101 635 2172 δρῦς
660 2101 774 2154 δὲκαὶ

61 2180 143 2243 Διὸς
184 2181 328 2255 βάλανος
366 2182 566 2259 ὀψιαίτερον
609 2188 657 2240 ἔτι
700 2190 775 2261 περὶ

62 2267 238 2330 Πλειάδος
270 2269 378 2326 δάσιν·
410 2269 532 2333 ὢσαάτως
560 2275 587 2327 δὲ
611 2276 656 2327 καὶ
676 2271 773 2348 φιλάκη

62 2359 112 2410 καὶ
129 2363 217 2430 πρῖνος
235 2360 280 2413 καί
298 2361 437 2433 παλίουρος
462 2363 507 2416 καὶ
529 2358 689 2422 ὀξυάκανθος
708 2359 773 2432 μετὰ

63 2441 193 2504 Πλειάδος
206 2441 286 2499 δυ’σιν.
301 2442 337 2500 Ἣ
356 2443 409 2500 δ’ά
438 2448 470 2501 ία
489 2453 654 2522 χειμῶνος
674 2445 773 2523 άρχο-

62 2533 185 2602 μένου·
216 2534 271 2586 καὶ
302 2534 412 2605 μηλέα
443 2537 500 2606 μὲν
530 2543 601 2595 τοῖς
632 2533 773 2608 πρώτοις

61 2614 183 2692 ψύχεσιν,
203 2614 309 2694 ἀχράς
328 2621 360 2673 δὲ
380 2617 458 2693 ὀψία
477 2627 611 2696 χειμῶνος.
639 2629 641 2634 ’

134 2709 159 2763 5.
185 2701 309 2778 Ἐλάτη
328 2705 388 2780 γὰρ
408 2709 453 2763 καὶ
471 2709 544 2780 μίλος
564 2705 703 2764 σἰνδοῡσι
723 2731 773 2781 μι-

57 2789 143 2866 κρὸν
176 2791 238 2866 πρὸ
267 2790 366 2866 ἡλίου
395 2801 540 2868 τροπῶν·
574 2799 619 2850 καὶ
651 2801 710 2868 τῆς
739 2817 773 2869 γε

58 2875 189 2951 ἐλάτης
218 2879 254 2934 τδ
286 2875 389 2941 άνθος
420 2880 581 2955 κρόκινον
613 2885 658 2938 καί
688 2879 773 2943 άλλως

896 1752 912 1817 ξ
932 1755 989 1810 106.
1026 1751 1084 1804 sed
1109 1753 1140 1804 et
1158 1750 1384 1804 terebinthus
1403 1750 1532 1804 messi·

827 1838 889 1892 bus
908 1838 1024 1891 reddit
1043 1854 1155 1891 semen
1174 1841 1207 1892 et
1223 1838 1532 1906 aceretfraxinus,

826 1941 931 1978 nuces
967 1927 995 1978 et
1024 1925 1094 1978 mala
1122 1926 1149 1978 et
1178 1926 1254 1993 pira
1288 1927 1531 1992 praeterquam

826 2011 971 2064 hiberna
1017 2020 1075 2064 aut
1121 2012 1306 2079 praecocia
1353 2013 1531 2079 autumno,

826 2097 1050 2167 glandiferae
1079 2099 1195 2153 serius
1221 2099 1423 2165 etiamnum,
1451 2113 1531 2151 ver·

826 2185 993 2254 giliarunr
1047 2202 1188 2254 occasu,
1247 2184 1371 2239 aesculus
1425 2187 1531 2238 tantum

826 2277 963 2341 autumno,
983 2274 1180 2342 incipiente
1193 2275 1304 2327 autem
1322 2273 1433 2326 hieme
1448 2288 1529 2341 quae-

826 2361 887 2415 dam
922 2377 1018 2429 genera
1052 2360 1134 2414 mali
1177 2361 1316 2430 pirique
1352 2364 1384 2413 et
1419 2360 1529 2417 suber.

825 2448 924 2502 abies
948 2447 1057 2502 flores
1082 2449 1176 2502 croci
1203 2448 1318 2502 colore
1342 2448 1437 2501 eirea
1461 2447 1530 2502 sol·

826 2536 984 2601 stitium,
1012 2552 1130 2590 semen
1159 2535 1277 2589 reddit
1305 2537 1384 2602 post
1413 2534 1530 2603 vergi·

825 2622 950 2678 tiorum
986 2639 1154 2678 occasum.
1208 2623 1312 2691 pinus
1349 2623 1461 2676 autem
1497 2625 1532 2675 et

825 2711 927 2779 picea
985 2711 1216 2779 praeveniunt
1274 2709 1531 2778 germinatione

826 2797 1031 2866 quindecim
1048 2797 1119 2851 fero
1145 2797 1286 2864 diebus,
1311 2812 1426 2850 semen
1450 2812 1531 2850 vero

825 2886 904 2952 post
921 2884 1096 2952 vergilias
1115 2888 1148 2937 et
1166 2884 1261 2951 ipsae
1280 2884 1435 2940 reddunt.

58 2961 159 3019 καλόν·
184 2965 242 3021 τὸν
268 2969 301 3022 δὲ
319 2968 451 3042 καρπὸν
472 2966 592 3044 ἀφιᾶσι
617 2968 700 3042 μετά
719 2967 772 3024 δυ’-

60 3070 115 3104 σιν
146 3050 324 3115 Πλειάδος.
376 3054 487 3129 Πεύκη
526 3058 559 3111 δὲ
588 3059 644 3111 καὶ
677 3058 773 3116 πίτυς

58 3145 270 3213 προτεροῦσι
293 3146 332 3216 τῇ
359 3141 544 3215 βλαστήσει
571 3141 669 3216 μικρὸν,
694 3139 771 3198 ὀσον

58 3226 318 3283 πεντεκαίδεκα
342 3227 500 3304 ἡμέραις,
526 3229 602 3291 τοός
630 3232 663 3285 δὲ
690 3250 771 3304 καρ-

58 3309 147 3370 ποὺς
172 3308 383 3371 ἀποδιδόασι,
402 3316 485 3389 μετὰ
511 3317 660 3372 Πλειάδα
687 3315 772 3370 κατὰ

59 3397 171 3468 λόγον.

171 3486 252 3552 Cum
275 3490 428 3574 pleraque
451 3494 623 3576 utriusque
646 3494 785 3556 auctoris
801 3491 898 3556 verba
921 3492 1005 3557 inter
1027 3511 1061 3556 se
1084 3496 1274 3573 congruant,
1297 3488 1424 3555 Plinius
1447 3511 1530 3555 non-

62 3589 158 3653 nulla
186 3596 294 3656 tamen
323 3584 462 3676 praebet,
494 3615 576 3679 quae
606 3597 692 3680 apud
721 3597 973 3679 Theophrastum
1002 3616 1068 3660 non
1099 3593 1234 3659 exstant.
1292 3593 1379 3658 Dicit
1400 3594 1531 3658 Plinius

59 3712 167 3758 nuces
190 3701 221 3760 et
243 3698 327 3760 mala
350 3703 381 3762 et
403 3701 473 3782 pira
496 3705 620 3783 praeter
644 3699 778 3764 hiberna
801 3706 858 3764 aut
883 3702 1049 3784 praecocia
1079 3705 1234 3763 autumno
1256 3699 1387 3763 reddere
1411 3717 1530 3781 semen,

60 3797 301 3882 Theophrastus
324 3803 435 3866 alnum
460 3810 490 3867 et
513 3823 631 3868 nucem
656 3810 687 3868 et
709 3807 851 3887 pirorum
877 3806 1009 3888 aliquod
1032 3823 1145 3885 genus.
1203 3805 1396 3866 Accuratius
1430 3804 1532 3885 igitur

60 3901 193 3967 Plinius
222 3907 373 3988 explieat,
409 3907 572 3989 quodnam
607 3927 711 3991 genus
745 3910 888 3991 pirorum
924 3927 1034 3972 semen
1070 3913 1225 3971 autumno
1258 3907 1378 3971 reddat
1436 3907 1529 3988 „Pira

59 4004 217 4071 hiberna“
243 4010 438 4093 respondent
459 4010 666 4094 Theophrasti
690 4011 870 4075 vocabulis:
903 4009 1018 4098 ,μίχρδς
1041 4008 1148 4096 δρία“;
1172 4013 1376 4094 ,,μτοοοοο1ο“
1402 4012 1531 4075 Plinius

59 4110 116 4176 vel
149 4131 192 4176 ex
221 4115 325 4197 ipsius
356 4115 490 4178 scientia
519 4115 571 4178 vel
600 4115 732 4179 aliunde
762 4119 926 4198 sumptum
957 4117 1080 4180 adiecit.
1139 4116 1255 4180 Postea
1288 4115 1417 4179 Plinius
1451 4115 1532 4178 dicit

62 4217 266 4298 quaedam
296 4237 449 4303 genera
479 4219 554 4282 mali
583 4221 740 4303 pirique
769 4225 896 4284 tantum
925 4221 1099 4304 incipiente
1122 4222 1226 4284 hieme
1249 4238 1358 4284 semen
1388 4219 1530 4301 reddere,

61 4319 123 4385 ubi
138 4319 373 4405 Theophrastus
396 4321 511 4410 ,,ἀχράς
534 4321 624 4410 δρία*
646 4323 786 4408 praebet.
838 4324 939 4389 Malos
963 4331 1118 4389 autumno
1142 4325 1273 4390 reddere
1297 4343 1406 4389 semen
1428 4323 1531 4388 Theo-

64 4426 218 4510 phrastus
242 4428 374 4491 omnino
398 4448 464 4492 non
487 4435 722 4511 commemorat,
752 4431 808 4494 sed
832 4449 942 4494 omnes
964 4432 1066 4495 malos
1088 4431 1200 4514 primis
1222 4429 1395 4512 frigoribus
1419 4448 1528 4494 semen

63 4528 199 4593 reddere
236 4531 407 4611 contendit,
438 4552 502 4614 quo
532 4538 675 4616 tempore
703 4533 832 4598 Plinius
862 4534 1019 4618 quaedam
1051 4554 1168 4618 genera
1201 4539 1327 4598 tantum
1359 4534 1435 4597 mali
1470 4535 1531 4595 hoe

63 4632 171 4698 facere
194 4634 279 4701 dicit.
324 4634 421 4699 Hane
451 4636 683 4702 dissensionem
714 4639 798 4702 inter
829 4645 1004 4722 utrumque
1032 4659 1099 4703 non
1129 4659 1165 4703 eo
1195 4639 1310 4702 factam
1339 4657 1409 4702 esse
1438 4644 1528 4722 puto,

64 4737 155 4820 quod
172 4737 310 4822 Plinius,
334 4747 370 4803 ut
393 4742 591 4825 saepissime,
614 4741 820 4826 Theophrasti
843 4742 939 4808 verba
961 4744 1040 4808 falso
1063 4744 1266 4823 intellexerit,
1290 4743 1344 4807 sed
1368 4764 1422 4824 eo,
1441 4749 1538 4825 quod
