3292 5436
856 114 898 179 82

137 321 264 404 Pergit
284 319 536 407 Theophrastus:
568 321 690 400 „Valde
716 322 846 404 nigrum
869 328 901 386 et
923 323 1062 405 spissum
1086 327 1135 385 est
1155 321 1281 405 lignum
1307 321 1505 402 terebinthi3
1535 345 1544 405 ι

149 427 184 488 in
215 425 307 505 Syria
338 428 464 509 nigrius
487 445 557 490 esse
578 428 667 509 ligno
690 424 783 489 ebeni
804 426 939 490 ierunt‘.
995 425 1122 489 Plinius
1152 425 1230 490 haec
1259 445 1377 490 rursus
1411 428 1544 491 confunc'

147 529 241 593 dicit:
282 530 424 613 „nigrior
457 532 552 594 etiam
587 532 730 610 cytisuS,
772 550 855 612 quae
888 549 1047 613 proxume
1079 529 1234 593 adcedere
1249 541 1251 544 ’
1267 525 1439 594 hebenum
1475 532 1544 595 vide

147 652 347 716 quamquam
377 653 444 697 non
473 633 600 713 desunt,
632 635 689 716 qui
712 633 860 714 Syriacas
891 634 1086 698 terebinthos
1116 634 1273 717 nigriores
1304 654 1376 699 esse
1410 635 1544 700 adfirmet

146 737 228 800 Cum
257 739 357 820 igitur
379 738 614 820 Theophrastus
642 738 769 821 lignum
796 737 966 803 terebinthi
996 736 1121 820 nigrius
1150 756 1221 802 esse
1250 738 1352 802 ebeno
1383 739 1482 821 dicat,
1512 739 1544 802 Pl

146 840 244 904 rerba
273 841 354 903 nihil
384 841 472 904 aliud
503 840 683 926 significare
711 846 848 924 possunt
884 842 948 904 nisi
978 841 1173 906 terebinthos
1203 844 1362 926 nigriores
1393 861 1465 907 esse
1498 850 1544 924 eyt

148 943 346 1028 Magnopere
369 947 468 1028 igitur
491 945 618 1008 Plinius
639 943 845 1027 Theophrasti
871 944 967 1008 verba
989 945 1144 1010 confudit.

165 1130 167 1135 ‹
217 1098 253 1167 V,
277 1104 302 1164 3,
326 1103 351 1157 2,
387 1097 614 1173 τορνεύεσθαι
639 1101 666 1154 δὲ
691 1099 723 1159 ἐξ
742 1096 851 1154 αὐτῶν
974 1100 1062 1166 ἓ205.
1094 1098 1487 1156 uelebuturetrhericles
1504 1119 1544 1156 non

147 1189 192 1240 καὶ
216 1185 359 1247 κύλικας
383 1185 621 1260 Θηρικλείους,
650 1182 715 1240 ὥστε
741 1183 800 1259 μηδ’
821 1181 850 1239 ἄν
905 1186 1036 1240 oalioes
1063 1202 1104 1239 ex
1127 1185 1333 1241 terebintho
1361 1187 1463 1244 solitus
1485 1190 1544 1242 fact

148 1275 193 1327 ἕνα
218 1275 355 1345 διαγνῶναι
379 1271 443 1347 πρὸς
466 1273 513 1333 τὰς
537 1275 682 1346 κεραμέας·
710 1271 850 1345 λαμβάνειν
904 1275 1002 1327 torno
1027 1288 1154 1341 perquam
1170 1272 1298 1340 probatur
1314 1275 1452 1328 materies.
1488 1291 1544 1329 omn

147 1362 176 1413 δὲ
205 1359 235 1413 τὸ
263 1358 396 1433 ἐγκάρδιον
428 1362 511 1423 δεῖν,
542 1362 599 1413 καὶ
629 1356 785 1433 ἀλείφειν
814 1360 851 1413 τὸ
905 1360 987 1413 haee
1029 1359 1085 1414 sola
1126 1360 1233 1428 ungui
1277 1361 1366 1429 volt,
1412 1362 1544 1416 meliora

148 1445 261 1507 ξύλον·
281 1442 367 1500 adro>
386 1445 445 1519 peip
462 1445 618 1517 γίνεσθαι
636 1449 692 1499 καὶ
709 1444 851 1500 κάλλιον
906 1447 950 1499 fit
969 1446 1053 1501 oleo.

148 1536 193 1587 καὶ
212 1531 377 1605 μελάντερον.

256 1655 359 1718 Mirus
382 1655 433 1717 bic
457 1674 543 1718 error
564 1655 769 1718 adnotandus
789 1662 836 1718 est
852 1655 958 1718 Plinii.
1003 1655 1056 1718 En
1078 1675 1127 1735 eo,
1150 1657 1236 1739 quod
1253 1655 1494 1740 Theophrastus
1515 1666 1544 1720 tn

151 1759 279 1842 eligno
303 1758 554 1821 terebinthorum
577 1758 646 1822 fieri
669 1759 783 1822 calices
805 1759 995 1840 Therioleos,
1018 1760 1077 1822 hos
1098 1761 1186 1842 ipsos
1207 1760 1306 1825 factos
1330 1780 1401 1825 esse
1426 1783 1446 1825 a
1468 1762 1544 1826 Ther

152 1863 280 1925 Plinius
311 1863 481 1942 concludit,
511 1865 597 1946 quod
626 1864 741 1927 falsum
766 1870 822 1926 est.
868 1863 1027 1927 Thericles
1057 1863 1126 1944 init,
1155 1870 1193 1927 ut
1215 1864 1434 1929 Schneiderus
1467 1866 1535 1947 (Ill,

150 1967 238 2048 dicit,
269 1965 453 2030 Corinthius
475 1967 606 2049 figulus,
635 1966 871 2050 Theophrastus
895 1987 969 2030 oum
992 1968 1070 2031 haec
1093 1967 1254 2049 scriberet,
1285 1969 1340 2031 diu
1363 1970 1431 2033 iam
1459 1977 1544 2034 morta

151 2070 204 2134 Ab
228 2090 265 2134 eo
288 2091 366 2134 vasa
386 2070 496 2133 fictilia
519 2080 623 2135 certae
645 2063 763 2134 formae
786 2081 817 2134 et
839 2073 924 2154 nigri
948 2071 1061 2134 coloris
1083 2072 1284 2154 appellantur
1306 2074 1423 2138 calices
1448 2076 1544 2139 Theri

149 2181 181 2238 et
204 2175 319 2237 calices
342 2174 487 2238 eiusdem
510 2175 628 2238 formae
652 2182 682 2237 et
706 2175 818 2237 coloris
843 2177 988 2257 ealigne
1011 2175 1263 2239 terebinthorum
1286 2176 1355 2240 fieri
1371 2177 1544 2263 Theophra

149 2279 255 2358 tradit,
285 2280 353 2360 qui,
385 2281 445 2342 etsi
468 2298 533 2342 non
557 2300 575 2342 a
598 2278 739 2343 Thericle
767 2282 838 2363 ipso
868 2282 941 2343 iacti
966 2282 1040 2360 sint,
1071 2287 1177 2344 tamen
1207 2290 1334 2364 propter
1363 2285 1544 2347 similitudir

150 2389 283 2461 tantam,
307 2390 343 2446 ut
366 2403 385 2444 a
406 2382 559 2447 fictilibus
583 2386 705 2447 secerni
729 2404 792 2446 non
817 2386 951 2466 possint,
974 2384 1126 2447 Thericlei
1149 2386 1356 2468 appellentur.

258 2503 348 2578 Quae
371 2510 525 2568 secuntur
547 2504 607 2569 sub
631 2505 728 2568 finem
751 2526 873 2588 paragr.
898 2505 973 2582 205,
1001 2506 1086 2589 apud
1109 2506 1362 2590 Theophrastum
1389 2530 1459 2572 non
1484 2531 1544 2574 exa

153 2627 260 2691 neque
293 2627 336 2670 ex
369 2609 422 2687 iis,
456 2627 538 2690 quae
571 2611 605 2671 in
640 2629 763 2692 paragr.
792 2610 855 2672 206
890 2616 1188 2691 commemorantur,
1222 2612 1313 2694 plura
1348 2633 1451 2695 quam
1488 2616 1544 2698 ligr

151 2731 271 2775 coruus
300 2711 355 2792 (V,
378 2711 409 2790 e,
431 2712 470 2773 4:
502 2711 693 2796 ἰσχυρότατον
716 2709 821 2773 δὲκαὶ
844 2710 864 2794 ἡ
887 2711 1017 2798 rpraeta)
1048 2734 1117 2777 esse
1147 2716 1289 2779 validum
1313 2719 1463 2799 itemque
1488 2721 1544 2802 ligr

152 2816 280 2879 oleastri
302 2820 334 2880 et
356 2815 443 2878 oleae
475 2815 527 2896 (V,
549 2817 581 2890 4,
605 2815 640 2877 3:
672 2815 777 2877 πυκνὸν
807 2813 840 2877 δὲ
868 2812 917 2880 καὶ
944 2815 964 2900 ἡ
993 2816 1079 2880 ἐλαία
1102 2816 1152 2881 καὶ
1175 2818 1191 2882 ὁ
1214 2818 1344 2899 κότινος).
1399 2821 1512 2896 Quare
1540 2825 1544 2884 l

152 2921 261 2983 omnia
283 2919 415 2984 aliunde
437 2937 508 2983 esse
531 2925 659 3003 sumpta
680 2924 768 3002 puto.

218 3075 253 3141 λ’,
272 3081 297 3142 4,
316 3080 340 3133 3.
376 3073 601 3149 Σκληρότατα
625 3076 658 3130 δὲ
677 3074 715 3128 τὰ
734 3073 852 3149 δρύϊνα
920 3122 924 3129 .
976 3077 1069 3143 §hol
1106 3079 1139 3131 de
1163 3081 1251 3133 cetero
1276 3079 1413 3148 plerisque
1438 3097 1544 3151 eorum,

148 3166 194 3217 καὶ
219 3162 253 3216 τὰ
280 3161 369 3234 ζύγινα
395 3165 440 3216 καὶ
463 3161 497 3215 τὰ
520 3168 568 3234 τῆς
593 3159 681 3236 apina·
708 3165 765 3217 καὶ
792 3161 851 3236 γὰρ
906 3163 1151 3232 utiquerobori,
1176 3168 1273 3220 tanta
1297 3167 1434 3220 duritia
1460 3173 1502 3222 ut
1526 3173 1544 3222 t<

150 3252 376 3325 ἐπιβρέχουσι
394 3253 499 3302 ταῦτα
518 3248 595 3322 πρὸς
613 3247 670 3322 τὴν
689 3246 851 3322 τρύπηοιν
907 3250 1000 3303 brari
1023 3250 1094 3304 nisi
1118 3252 1348 3307 madefactum
1371 3270 1439 3308 non
1465 3273 1544 3325 quer

150 3335 286 3409 ρολάξεως
304 3333 388 3412 χάριν.
906 3353 939 3389 ne
952 3337 993 3391 sio
1005 3338 1115 3405 quidem
1125 3339 1237 3393 adactus
1249 3340 1329 3393 avelli
1341 3338 1443 3394 elavos.
1479 3344 1544 3397 edi*

220 3423 314 3478 Cetera
336 3422 407 3492 apud
425 3420 638 3489 Theophrastum
661 3438 714 3475 uon
737 3424 852 3475 exstant
906 3423 1010 3478 clavom
1028 3442 1082 3480 non
1099 3429 1173 3480 tenet
1191 3428 1295 3482 cedrus

255 3565 355 3635 Haeo,
386 3564 445 3627 etsi
476 3562 632 3625 nonnulla
663 3563 749 3644 apud
780 3569 954 3647 utrumque
977 3576 1168 3649 congruunt,
1198 3576 1315 3649 tamen,
1346 3588 1422 3632 eum
1453 3572 1544 3653 plera

156 3670 254 3735 Plinii
278 3669 363 3753 apud
386 3666 638 3749 Theophrastum
662 3685 726 3730 non
749 3672 887 3749 exstent,
910 3669 1041 3734 aliunde
1063 3678 1192 3755 sumpta
1214 3691 1283 3736 esse
1307 3672 1467 3736 videntur.

222 3824 254 3891 V,
273 3830 297 3892 u,
317 3830 341 3883 tl.
378 3820 522 3878 Μαλακὰ
549 3822 576 3875 δὲ
604 3819 719 3876 καθόλου
747 3826 793 3894 μὲν
820 3821 854 3876 τά
967 3823 1203 3891 „Mollissima
1220 3827 1310 3880 tilia.
1338 3826 1456 3880 eadem
1475 3829 1544 3882 vid<

151 3910 431 3987 ρανὰκαὶτάχαϋνα·
452 3914 503 3964 τῖον
517 3909 545 3964 tt
559 3911 697 3982 separabatur
713 3908 854 3982 μάλιστα
906 3913 940 3963 et
980 3910 1208 3966 calidissima
1268 3917 1515 3981 argumentum

151 3998 281 4073 ρίλνρα.
319 3995 398 4053 horat
420 3998 448 4051 it
471 3999 528 4051 καὶ
550 3995 765 4070 θερμότατον
789 3997 854 4052 εἶναι
906 3999 1025 4053 ierunt
1060 4001 1148 4067 qnod
1183 3999 1365 4054 citissime
1399 4001 1521 4056 ascias

151 4090 242 4141 τοῦτο·
280 4090 421 4159 rapaton
453 4084 499 4147 et,
531 4078 581 4139 ὅτι
612 4081 760 4155 μάλιστα
792 4081 853 4156 dp·
906 4086 1035 4139 tundat
1083 4085 1218 4139 calidae
1247 4088 1281 4139 et
1311 4101 1442 4154 morae,
1477 4088 1544 4142 lau:

151 4169 264 4243 βλάνιι
283 4169 321 4227 τὰ
341 4169 550 4245 calderon..
906 4171 1033 4226 hedera
1059 4176 1093 4227 et
1118 4188 1246 4239 omnes,
1273 4188 1288 4225 e
1316 4172 1448 4240 quibus
1477 4175 1544 4243 ign

221 4263 245 4316 4,
278 4254 406 4332 Ηιρρὸν
426 4257 457 4311 et
477 4259 530 4309 καὶ
548 4253 662 4317 κιττὸς
680 4258 732 4311 καὶ
751 4254 854 4330 δάφνη
907 4258 1030 4313 iiunt“.

151 4347 207 4401 καὶ
244 4340 328 4405 ὅλοις
358 4345 390 4405 te
425 4339 465 4399 ὼν
496 4341 535 4399 τά
565 4349 687 4417 πυρεῖα
716 4343 854 4415 γίνεται.

155 4428 295 4505 Μινάοτινρ
315 4432 342 4487 dt
362 4449 425 4507 φησι
444 4434 499 4485 καὶ
518 4427 717 4501 συκάμινον.

261 4588 346 4653 llrruu
378 4607 452 4651 rruru
483 4587 678 4651 verbotenus
702 4586 767 4651 foro
790 4587 995 4673 'l‘lroopbrasti
1028 4588 1132 4653 verbis
1154 4588 1377 4672 respondeant,
1408 4593 1492 4672 quin
1517 4612 1544 4656 er

154 4701 284 4777 staruptu
308 4692 380 4771 aiut,
405 4692 481 4755 ruibi
507 4690 636 4773 quntum
663 4690 799 4755 dubiuru
824 4711 888 4757 nou
913 4700 968 4756 ost.
