3292 5436
850 104 893 168 50

136 317 280 392 scantur,
302 320 339 376 nt
360 313 454 395 plane
475 310 602 395 arbores
635 310 725 374 fiant.
773 309 899 392 Myrtus
923 316 1032 375 contra
1055 319 1087 376 et
1108 331 1180 374 nux
1202 309 1361 390 abellana,
1395 311 1461 375 etsi
1485 310 1611 389 arbores¹

136 423 223 497 sunt,
245 417 307 479 nisi
329 417 457 499 saepius
472 420 661 500 purgantur,
693 417 727 477 in
744 414 915 478 frvrctieum
932 433 1035 498 genus
1050 415 1250 480 transeunt‘t.
1295 413 1391 478 Haec
1408 414 1542 479 Plinius
1561 434 1603 497 aa,

48 548 50 553 ·
137 540 203 603 qua
236 528 301 584 erat
335 521 494 586 celeritate
528 527 560 584 et
593 519 794 603 neglegentia
833 521 868 582 in
902 519 1087 583 auctoribus
1121 519 1354 603 excerpendis,
1390 519 1545 583 confudit
1574 527 1602 584 et

137 642 246 687 omnes
268 623 325 686 has
348 624 476 688 arbores
498 643 568 688 esse
591 625 677 706 dicit,
716 643 799 707 qnae
822 642 870 706 eo,
903 623 989 706 quod
1018 625 1053 685 in
1076 623 1180 706 pluris
1202 641 1307 687 ramos
1339 623 1515 707 dispersae
1536 625 1602 705 sint,

135 727 298 792 fructicosi
319 729 445 810 generis
467 726 554 791 fiant.

205 829 227 896 Ι,
248 834 273 895 8,
292 836 323 887 3:
341 827 434 886 Ἔστι
452 830 541 886 δὲτὰ
560 834 616 902 μὲν
636 831 742 894 dicio,
761 828 841 884 τὰδὲ

136 917 233 989 apicio,
251 915 285 970 τοὶ
308 919 336 972 δὲ
354 916 457 978 πλείους
476 918 585 992 ἔχοντα·
611 917 683 971 ἔνια
706 919 739 972 δὲ
763 937 841 972 πεν-

136 1001 242 1066 τάοζά
260 1005 361 1058 ἐστιν.

208 1090 274 1148 ibid.
311 1089 383 1145 Εἰσὶ
408 1092 442 1146 δὲ
465 1097 525 1144 των
549 1093 606 1163 μὲν
626 1085 768 1145 ἄτακτοι
785 1092 842 1144 καὶ

139 1175 175 1238 ὡς
194 1179 312 1252 ἔτυχεν
338 1179 367 1232 οἱ
393 1173 478 1242 ὄζοι,
502 1183 563 1232 τῶν
583 1179 842 1249 δέτεταγριένοι

137 1268 182 1319 καὶ
208 1270 246 1336 τῷ
271 1262 426 1337 διαστήματι
452 1267 497 1319 καὶ
523 1270 561 1336 τῷ
584 1262 694 1336 πληάλει,
722 1261 841 1336 καθάπερ

139 1354 253 1426 εἴρηται·
280 1351 318 1406 διὸ
341 1355 387 1406 καὶ
405 1348 596 1423 ἀξιολογώτατα
619 1355 702 1405 ταῦτα
725 1352 841 1405 καλοῦσι.

206 1442 263 1494 καὶ
293 1443 352 1510 τῆς
378 1441 434 1510 μὲν
460 1435 584 1509 ἐλάτης
610 1432 707 1510 ὀρθοὶ
730 1439 785 1491 καὶ
812 1438 842 1491 οἱ

138 1523 193 1589 iiior
218 1529 262 1580 καὶ
281 1525 305 1579 οἱ
323 1522 456 1587 κλάδοι,
480 1519 564 1597 ὥσπερ
583 1521 768 1596 ἐμπεπηγότος,
791 1528 841 1578 τῶν

140 1607 319 1667 deilicae-i.

207 1696 257 1765 ΙΙΙ,
276 1702 301 1760 7,
321 1701 343 1754 Ι.
388 1693 575 1755 Ἀποκοπέντος
593 1698 621 1753 δὲ
639 1701 685 1749 τοῦ
705 1697 843 1771 στελέχους

138 1784 172 1840 τά
199 1788 245 1857 μὲν
273 1780 340 1838 άλλα
368 1779 445 1837 πάνθ’
459 1779 493 1842 ὡς
519 1783 599 1836 εἰπεῖν
626 1781 842 1855 παραβλαστάνει,

139 1870 207 1945 πλὴν
233 1871 329 1926 ἐάνάἱ
355 1871 422 1943 ῥίζαι
445 1867 570 1943 πρότερον
599 1866 699 1944 τάχωσι
729 1890 843 1942 πεπονη-

139 1965 223 2014 adrat·
249 1956 334 2030 πεάκη
363 1959 390 2013 ’δὲ
417 1958 462 2010 καὶ
489 1953 568 2028 ἐλάτη
593 1957 688 2017 τελέως
714 1958 744 2010 ἐκ
769 1959 842 2030 ῥιζῶν

140 2043 270 2106 αὖτοετεῐς
289 2041 501 2106 αὖαίνοντοιι,
529 2045 573 2097 καὶ
597 2040 654 2096 ἐὰν
678 2042 715 2097 τὸ
740 2039 842 2117 άκρον

140 2135 297 2204 ἑπικοπῇ.

209 2223 234 2275 2.
277 2217 414 2289 Συμβαένει
442 2219 470 2271 δὲ
497 2213 602 2271 κάκεῖνο
630 2217 693 2271 ἴδιον
721 2218 747 2270 ἐν
776 2213 847 2289 αὐτῷ

140 2304 226 2378 τούτῳ
250 2306 308 2378 περὶ
331 2303 378 2375 την
397 2302 507 2377 ἐλάτην·
536 2299 614 2357 άτοιν
638 2307 696 2376 μὲν
720 2302 759 2376 γά
768 2325 781 2378 ρ
806 2325 844 2365 τις

139 2393 200 2453 τοὺς
234 2387 307 2453 ’άζους
341 2387 457 2451 ἅπαντας
491 2388 592 2465 ἀφελὼν
626 2387 780 2465 ἀποκόψῃ
807 2389 843 2445 τὸ

141 2476 258 2553 άκρον,
288 2475 498 2552 ἀποθνῄσκει
525 2480 671 2553 ταχέων
703 2474 782 2533 ὅταν
810 2479 844 2533 δὲ

140 2567 180 2621 τά
198 2569 396 2640 κατωτέρω,
424 2564 456 2620 τά
479 2563 547 2619 κατὰ
571 2563 601 2618 τὸ
620 2565 696 2629 λεῖον,
721 2561 842 2639 άφέλη,

47 2710 50 2715 ,
141 2659 177 2727 ζῇ
202 2653 239 2707 τὸ
263 2651 490 2717 κατάλοιπον,
515 2655 573 2726 περὶ
598 2648 612 2705 ἐ
635 2651 667 2723 δὴ
691 2655 736 2706 καὶ
759 2649 776 2723 ἠ
796 2648 843 2724 άμ-

142 2741 231 2815 pauiu
251 2738 350 2814 φάτται.

210 3173 308 3240 Ι,8,4.
334 3169 516 3226 'livoratus
535 3174 568 3226 δὲ
588 3173 843 3243 οἱτῆςρηλέας·

142 3257 257 3332 ὅμοιοι
275 3259 334 3333 γὰρ
354 3260 481 3332 θηρίων
500 3256 702 3330 προσώποις·
722 3259 768 3317 εἷς
787 3261 843 3330 μὲν

143 3340 315 3420 μέγιστος,
342 3341 439 3400 άλλοι
464 3347 497 3398 δὲ
522 3346 597 3418 περὶ
616 3340 711 3398 αὐτὸν
732 3347 844 3418 μικροὶ

142 3435 288 3493 πλείους.

962 831 977 897 ἓ
1004 833 1063 887 122.
1117 829 1285 898 quaeda’m
1311 827 1484 884 bifurcae
1510 833 1604 900 atque

893 916 1002 970 etiam
1038 916 1071 969 in
1108 916 1233 985 quinas
1274 916 1392 984 partis
1437 916 1602 984 diffusae,

894 1003 1023 1070 quaedam
1050 1001 1179 1056 dividuae
1207 1018 1257 1056 nec
1284 1017 1417 1072 ramosae,
1450 1008 1485 1057 ut
1511 1004 1605 1071 sabuci,

894 1089 1024 1158 quaedam
1057 1089 1230 1154 individuae,
1264 1104 1402 1157 ramosae,
1443 1093 1480 1144 ut
1515 1091 1599 1161 picam

894 1175 1103 1244 quibusdam
1117 1191 1288 1229 ramorum
1303 1175 1404 1244 ordo,
1420 1177 1601 1246 sicutpieeae,

893 1261 1332 1329 abab,aliasinconditns‚
1357 1263 1600 1332 utrobon,mdu

894 1347 960 1415 piro.
996 1351 1030 1402 et
1052 1348 1165 1404 abieti
1190 1349 1331 1419 quidem
1355 1349 1535 1406 subrecta
1555 1352 1597 1405 di·

894 1435 1016 1489 visura
1034 1436 1189 1504 ramique
1206 1435 1240 1490 in
1254 1435 1601 1504 caelnmtendentes,

893 1538 947 1575 non
965 1522 993 1575 in
1011 1521 1093 1576 latera
1111 1524 1195 1592 proni.
1284 1570 1295 1590 s

966 1610 982 1677 ξ
1004 1613 1062 1666 123.
1096 1610 1203 1677 mimnr,
1222 1607 1481 1664 cacuminibus
1500 1626 1601 1665 corun

894 1695 1031 1748 decisis
1057 1696 1221 1763 moritur,
1248 1695 1314 1750 totis
1341 1711 1409 1751 vero
1440 1697 1600 1754 detrunems

895 1782 982 1835 durat.
1019 1785 1046 1834 et
1064 1783 1095 1836 si
1113 1782 1205 1836 infra
1223 1797 1303 1850 qnam
1328 1782 1400 1836 rami
1417 1783 1501 1839 fuere
1519 1800 1597 1854 prae·

894 1867 1158 1936 cidatur,qnod
1175 1869 1598 1938 superestvivit,sivem

894 1971 1057 2009 cacumen
1101 1958 1237 2011 tantum
1280 1957 1493 2029 pnferatur,
1540 1960 1617 2013 totr·

894 2042 1050 2096 moritur.
1104 2043 1156 2096 alia
1186 2043 1219 2096 ab
1251 2030 1341 2096 radice
1368 2042 1545 2112 bracchiata,
1574 2046 1598 2097 ut

894 2128 994 2195 ulmae,
1021 2128 1074 2182 alia
1097 2129 1126 2181 in
1150 2131 1288 2183 cacumine
1312 2145 1429 2198 ramosa,
1458 2134 1494 2184 nt
1518 2131 1595 2200 pium,

895 2208 953 2268 faba
962 2215 1068 2284 Graeca,
1081 2231 1161 2284 quarn
1171 2214 1296 2270 Romaea
1311 2215 1451 2270 suavitate
1460 2218 1597 2272 fructus-

896 2300 1033 2355 silvestris
1075 2302 1199 2369 quidem,
1241 2301 1289 2355 sed
1330 2312 1493 2358 cerasorum
1527 2320 1601 2374 paens

895 2391 988 2441 natura
1007 2387 1132 2442 —loton
1150 2388 1291 2457 appellant.

969 2477 983 2544 ξ
1015 2479 1074 2533 124.
1127 2475 1270 2543 pmeoipue
1306 2475 1437 2531 domibus
1474 2479 1604 2547 expetitur

895 2578 1026 2616 ramorum
1054 2562 1202 2630 petulantia
1229 2561 1304 2615 brevi
1329 2562 1447 2617 caudice
1468 2564 1601 2626 ,latissima

896 2649 1107 2716 exspatiantinm
1133 2649 1229 2703 umbra
1257 2651 1285 2702 et
1313 2648 1343 2701 in
1373 2650 1488 2706 vicinas
1520 2653 1607 2708 domos

896 2751 974 2803 saepe
993 2736 1212 2789 transilientium.
1249 2735 1323 2794 nulla
1344 2736 1471 2805 opacitas
1495 2739 1603 2805 brevior,

895 2837 944 2875 nec
972 2823 1058 2876 aufert
1082 2821 1166 2876 solem
1193 2822 1281 2875 hieme
1307 2822 1506 2880 decidentibus
1533 2825 1604 2881 foliis

895 2908 978 2963 nullis
1004 2912 1096 2964 cortex
1121 2909 1265 2964 iucundior
1289 2915 1336 2963 ant
1353 2908 1451 2964 oculos
1469 2913 1611 2981 excipiens

897 2995 1028 3064 blandius,
1052 2996 1136 3050 nullis
1157 2997 1225 3049 rami
1247 2995 1379 3063 longiores
1397 2995 1605 3068 validioresque

896 3086 943 3136 aut
962 3081 1061 3150 plnres,
1087 3086 1118 3135 ut
1137 3081 1241 3136 dixisse
1259 3081 1372 3135 totidem
1391 3083 1507 3140 arbores
1526 3087 1628 3140 liceat,-

897 3170 996 3223 cortice
1021 3169 1100 3237 pallis
1123 3169 1241 3237 tingimt,
1271 3169 1360 3222 radice
1385 3169 1481 3239 lanas;
1510 3172 1609 3228 malis

896 3257 1078 3324 proprium
1124 3271 1253 3323 genus,
1312 3257 1471 3311 ferarum
1523 3262 1607 3314 eninr

897 3349 1011 3397 rostra
1046 3343 1201 3397 reddunt
1234 3343 1523 3400 adhaerentibus
1554 3346 1609 3400 nni

897 3446 1052 3484 maxumo
1070 3429 1278 3484 minoribus.

246 3538 343 3621 Apud
373 3536 624 3619 Theophrastum
655 3535 680 3617 l,
714 3534 744 3610 8,
779 3536 799 3598 3
833 3536 958 3599 codices
991 3536 1158 3619 praebent:
1195 3529 1282 3612 „br’d
1311 3531 1360 3597 καὶ
1388 3531 1611 3623 ἀξιολογώτατα

142 3647 234 3706 ταῦτα
256 3646 397 3704 achaiam
420 3661 462 3704 sc.
488 3640 625 3721 arbores,
650 3660 787 3722 quarum
804 3641 884 3702 rami
900 3640 1038 3703 ordinati
1062 3644 1138 3702 sunt
1160 3649 1192 3703 et
1206 3638 1373 3703 intervallo
1389 3651 1421 3703 et
1436 3647 1607 3708 numeret

142 3746 345 3810 Vocabulum
374 3741 628 3827 ,,οἷξιολογώτατα“
666 3763 716 3808 me
748 3743 877 3827 quidem
906 3745 1013 3807 iudice
1045 3745 1114 3806 sine
1144 3743 1242 3806 dubio
1272 3743 1389 3807 falsum
1420 3755 1491 3825 est3
1537 3767 1613 3810 nam-

145 3853 303 3915 sententia
342 3854 449 3932 „quod
486 3850 567 3912 rami
605 3849 741 3912 ordinati
780 3857 873 3924 sunt,
914 3848 973 3911 hae
1011 3847 1138 3910 arbores
1176 3855 1354 3912 memoratu
1391 3847 1606 3931 dignissimae

144 3956 330 4034 vocantur“,
360 3954 453 4016 nihili
481 3959 536 4017 est.
589 3951 674 4028 Quid
703 3955 801 4036 igitur
833 3951 1036 4015 scribamus?
1083 3951 1173 4015 Certe
1203 3952 1382 4034 postulatur
1405 3955 1612 4020 vocabulum.

144 4058 281 4140 aliquod,
317 4059 402 4140 quod
436 4077 540 4122 ramos
574 4058 735 4120 ordinatos
769 4075 838 4120 esse
872 4056 1021 4136 ostendit,
1056 4066 1086 4119 et
1119 4066 1203 4120 recte
1239 4075 1290 4119 me
1324 4057 1456 4139 quidem
1495 4061 1603 4124 iudice

148 4162 344 4225 Wimmerus
368 4163 493 4245 scripsit
515 4159 720 4238 ,,ταξιόζωτα“.

249 4264 297 4328 De
319 4265 369 4328 his
392 4266 596 4349 paragraphis
620 4263 697 4346 quid
724 4263 839 4344 dicam,
863 4263 986 4326 dubito.
1034 4261 1116 4327 Cum
1139 4263 1295 4327 nonnulla
1317 4263 1403 4346 apud
1429 4270 1613 4351 utrumque·

144 4378 331 4452 congruant,
355 4370 516 4452 pleraque,
548 4387 631 4450 quae
658 4368 779 4431 Plinius
802 4367 940 4450 praebet,
977 4369 1062 4452 apud
1085 4368 1336 4450 Theophrastum
1368 4387 1432 4430 non
1466 4382 1607 4436 exstant.

145 4471 219 4535 Non
252 4472 394 4555 loquitur
427 4473 660 4555 Theophrastus
696 4473 734 4535 de
768 4471 934 4535 arboribus
970 4472 1111 4535 dividuis
1143 4490 1201 4536 nec
1234 4473 1377 4552 ramosis,
1414 4472 1612 4551 individuis,

145 4579 295 4656 ramosis,
342 4596 446 4659 neque
484 4583 728 4657 commemorat,
772 4595 908 4658 quarum
955 4576 1104 4639 arborum
1150 4579 1229 4639 rami
1275 4576 1411 4639 ordinati
1459 4589 1521 4642 aut
1557 4580 1609 4641 in-

147 4682 284 4744 ordinati
308 4683 380 4746 sint.
