3292 5436
819 149 861 214 75

105 355 223 420 Robur
254 360 317 419 tres
345 355 462 420 habere
485 356 629 440 λαπηταιλς
651 355 884 441 Theophrastus
912 357 988 419 dicit
1011 355 1071 438 III,
1099 358 1132 438 5,
1165 361 1194 440 1,
1223 377 1358 442 qnorum
1382 360 1504 442 primus
1528 360 1569 424 sit

102 462 200 524 initio
231 461 330 542 verIS,
364 461 442 524 alter
471 458 555 546 ,περὶ
582 461 631 524 τὸν
661 465 872 546 σκιροφοριῶνα
900 459 1044 543 λήγοντα“
1075 460 1293 542 („lranseunte
1316 464 1461 546 geminos
1483 464 1587 528 solc“·

105 563 215 647 Plin.),
247 564 269 626 i.
294 582 320 629 e.
351 569 459 628 nostro
486 564 552 628 fere
580 583 691 655 mense
720 563 826 642 Iunio,
855 566 967 628 tertius
998 565 1230 650 ἑκατομβαιῶνος
1266 569 1286 629 1.
1310 586 1336 630 e.
1369 571 1477 630 nostro
1503 566 1568 632 fere

102 686 217 733 mense
236 667 330 732 Iulio.
366 668 494 732 Plinius
512 670 608 753 primi
626 673 752 732 tantum
773 671 901 750 λαπηταῦ
920 669 1042 733 ratione
1060 669 1168 734 habita
1181 672 1294 753 „vere“
1317 672 1405 753 dicit,
1425 677 1456 735 et
1467 672 1567 737 Theo-

55 844 57 849 ,
100 773 258 855 phrastus
280 773 350 856 ipse
373 772 434 837 sub
457 773 546 836 hunc
562 771 689 856 λαπητὸν
712 790 841 836 caesum
864 773 1067 854 potissimum
1082 773 1182 837 robur
1196 781 1378 858 putrescere
1394 776 1565 841 contendit.

104 876 290 958 „Bruma
322 877 471 942 caesum“
505 876 699 960 respondent
725 875 931 960 Theophrasti
962 877 1084 941 verbis:
1125 875 1249 961 ,ὡραῖον
1280 876 1313 941 δὲ
1341 877 1478 962 τρηθέν“,
1511 881 1569 963 qui

98 982 174 1064 ipse
205 981 302 1064 paulo
333 987 407 1045 ante
430 982 514 1044 dixit
545 980 669 1044 roboris
697 980 849 1043 caedendi
882 986 1009 1062 tempus
1040 1000 1111 1045 esse
1134 982 1279 1045 hiemem.
1331 981 1439 1046 Verba
1470 983 1568 1064 „alias

100 1082 286 1149 obnoxium
310 1086 416 1166 etiam,
439 1091 475 1148 ut
497 1090 645 1167 torqueat
667 1103 738 1149 sese
757 1082 944 1166 nudatque
970 1085 1055 1168 apud
1070 1086 1320 1170 Theophrastum
1344 1105 1410 1148 non
1428 1093 1568 1170 exstant,

97 1207 200 1271 quae,
231 1208 311 1252 num
341 1188 439 1251 Plinii
469 1190 573 1271 ipsius
604 1187 701 1252 verba
734 1188 809 1268 siut,
844 1187 964 1251 dubito.
1016 1188 1084 1252 Sub
1113 1189 1212 1254 finem
1242 1189 1341 1253 Plinii
1369 1191 1565 1254 vocabulum

94 1292 243 1374 „suber“
282 1293 453 1377 respondet
490 1291 698 1374 Theophrasti
736 1287 942 1376 ,,ἁλίρλαος“,
990 1293 1048 1375 qui
1085 1312 1171 1356 error
1212 1293 1306 1357 Plinii
1344 1295 1565 1378 neglegentiae

93 1398 256 1480 imputari
278 1398 390 1480 possit,
413 1397 470 1460 sed
488 1414 553 1458 non
569 1402 679 1458 tantus
695 1404 753 1475 est,
777 1402 935 1478 quantum
952 1395 1007 1458 alii
1023 1400 1146 1461 auctori
1162 1402 1358 1462 committere
1374 1417 1439 1461 non
1456 1399 1560 1463 liceat.

209 1499 299 1574 Quae
333 1519 408 1563 cnm
441 1502 487 1563 ita
520 1500 596 1579 sint,
631 1498 670 1562 de
700 1499 750 1562 his
782 1499 909 1563 duabus
936 1502 1142 1584 paragraphis
1173 1503 1250 1566 certi
1280 1504 1455 1585 quicquam
1490 1521 1567 1565 con·

93 1603 235 1668 tendere
258 1623 323 1667 non
347 1603 466 1679 audeo;
499 1603 706 1666 verisimilius
735 1603 813 1667 mihi
845 1605 973 1667 videtur
1000 1605 1058 1668 has
1086 1607 1255 1670 continuas
1286 1626 1328 1670 ex
1351 1607 1412 1668 alio
1437 1611 1567 1671 auctore

88 1712 248 1790 sumptas
271 1727 350 1771 esse.

211 1809 346 1874 Initium
369 1831 491 1895 paragr.
515 1812 576 1876 192
598 1811 812 1894 Theophrasto
835 1816 866 1875 et
880 1810 1031 1874 Vitruvio
1055 1811 1164 1877 deberi
1186 1820 1275 1897 putu,
1299 1832 1382 1896 quae
1398 1820 1565 1896 secuntur,

89 1913 229 1978 Plinius
251 1915 321 1997 ipse
343 1935 385 1980 ex
407 1914 443 1978 L.
467 1915 585 1979 Pisone
609 1935 643 1979 se
667 1920 849 1978 mutuatum
874 1934 943 1979 esse
967 1915 1054 1978 dicit.

205 2017 243 2080 In
278 2038 399 2102 paragr.
425 2018 487 2082 193
521 2029 551 2083 et
582 2020 643 2082 194
672 2019 862 2082 adferuntur
893 2019 956 2082 duo
985 2020 1047 2082 loci
1076 2019 1205 2084 Catonis
1237 2021 1300 2102 (31,
1323 2021 1352 2084 2.
1400 2022 1454 2103 37,
1477 2023 1510 2104 3,
1532 2022 1564 2103 4)

99 2123 143 2186 de
167 2122 341 2186 caedendis
364 2122 541 2186 arboribus.

166 2240 201 2306 V,
221 2245 288 2308 1,6.
318 2238 418 2297 Ὅταν
437 2243 657 2315 herpadhes,
683 2244 805 2316 ρεῖααὶ
928 2243 1022 2308 §195¹
1066 2243 1211 2299 Laricis
1239 2247 1272 2297 et
1297 2246 1407 2314 magis
1434 2247 1566 2301 abietis

93 2329 130 2383 ἐκ
157 2334 226 2383 τῶν
255 2333 315 2401 τῆς
348 2327 472 2403 ἐλάτης
499 2332 555 2383 καὶ
586 2330 622 2382 ἐκ
651 2335 713 2383 τῶν
747 2335 806 2401 τῆς
859 2329 1336 2385 succisisumordiudelluit.
1362 2332 1566 2386 haeomnium

93 2414 230 2488 πεύκης
255 2417 308 2470 ἐπὶ
330 2415 437 2471 πολὺν
463 2413 586 2492 χρόνον
610 2413 805 2491 ἠὺγρότης,
858 2415 1019 2469 arborum
1042 2416 1244 2471 altissimae
1269 2435 1306 2471 ao
1330 2419 1565 2474 rectissimae.

55 2576 59 2581 ι
92 2506 154 2558 καὶ
173 2503 302 2575 μᾶλλον
322 2503 438 2557 ἐκτῶν
457 2509 516 2575 τῆς
535 2500 667 2575 ἐλάτης.
860 2504 1001 2556 navium
1026 2502 1129 2557 malis
1154 2506 1398 2572 antemnisque
1423 2493 1565 2574 propter

169 2594 194 2647 7.
244 2584 336 2643 Ἔστι
372 2591 407 2644 δὲ
441 2593 498 2644 καὶ
534 2587 751 2663 μακρότατον
788 2587 806 2662 ἡ
860 2589 1043 2643 levitatem
1079 2591 1279 2657 praefertur
1313 2592 1421 2647 abies,
1475 2609 1565 2648 oom-

88 2674 203 2749 ἐλάτη
222 2679 279 2730 καὶ
297 2673 590 2752 ὀρθαρυέατατοτ·
615 2677 654 2731 διὸ
672 2680 729 2731 καὶ
747 2676 805 2737 τὰς
858 2677 970 2730 munia
986 2677 1039 2729 his
1057 2676 1220 2745 pinoque,
1239 2681 1275 2732 ut
1293 2679 1564 2747 quadripertitos

90 2765 241 2838 κεραίας
270 2767 327 2818 καὶ
356 2762 435 2824 τοὺς
466 2763 581 2824 ἱστοὺς
611 2766 648 2818 ἐκ
677 2762 806 2838 ταύτης
859 2780 1026 2817 venarum
1046 2780 1174 2818 cursus
1194 2765 1399 2834 bifidosque
1417 2766 1566 2820 habeant

87 2855 268 2906 ποιοῦσιν.
859 2851 916 2904 ταὶ
933 2851 1070 2907 omnino
1089 2852 1279 2920 simplicis.

169 2941 196 2994 8·
234 2935 324 2991 Ταῦτα
348 2939 394 3008 μὲν
420 2932 468 2991 οὔκ
490 2937 542 2991 ἴδια
566 2944 612 3009 τῆς
631 2937 741 3010 ἐλάτης·
767 2936 807 2992 τὰ

85 3029 129 3090 δὲ
154 3023 256 3079 κοινὰ
277 3029 338 3096 τῆς
361 3022 490 3096 πεύκης
515 3027 570 3078 καὶ
598 3021 725 3095 ἐλάτης
749 3026 807 3077 καὶ

83 3119 159 3168 τῶν
181 3107 295 3165 ἄλλων.
317 3105 406 3165 Ἔστι
424 3109 481 3184 γὰρ
500 3108 517 3183 ἡ
537 3114 592 3181 μὲν
611 3108 804 3183 τετράξοας,

84 3201 110 3273 ἡ
131 3201 170 3254 δὲ
188 3198 313 3262 ὃίξοος,
331 3194 349 3270 ἡ
368 3199 401 3252 δὲ
420 3195 590 3269 μονόξοος.

170 3285 204 3352 V,
221 3289 245 3352 7,
263 3290 287 3343 l.
315 3283 362 3344 τὰς
375 3288 421 3356 μὲν
434 3283 481 3358 γὰρ
495 3281 606 3357 τριήρεις
619 3281 709 3338 καὶ·τά
719 3282 807 3356 μακρὰ

85 3377 179 3430 πλοῖα
197 3369 337 3427 ὲλάτινα
354 3377 455 3426 ποιοῦσι
473 3371 526 3426 διὰ
544 3369 758 3445 acceptisque

208 3477 315 3542 Verba
343 3474 381 3561 ,ἡ
405 3476 438 3540 δὲ
462 3475 623 3561 perdideri
656 3496 739 3560 quae
771 3476 891 3556 addidi,
922 3478 955 3539 in
979 3476 1144 3539 codicibus
1169 3477 1296 3558 desunt,
1327 3477 1381 3539 sed
1405 3477 1565 3541 excidisse

92 3584 185 3650 mihi
206 3583 368 3661 videntur,
400 3582 486 3664 quod
518 3581 734 3645 demonstrare
763 3588 840 3664 puto
864 3589 895 3644 et
917 3579 1073 3662 Plinium,
1105 3583 1161 3664 qui
1185 3579 1313 3665 praebet
1343 3586 1399 3662 „ut
1423 3580 1565 3663 quadru-

93 3688 234 3774 pertitos
256 3705 412 3749 venarum
435 3705 551 3749 cursus
575 3684 754 3769 bifidosque
777 3684 914 3748 habeant
937 3685 987 3748 vel
1011 3687 1141 3748 omnino
1164 3686 1351 3769 simplicis“,
1375 3690 1407 3748 et
1431 3685 1563 3767 Gazam,

95 3793 161 3875 qui
185 3792 232 3855 sic
255 3790 348 3854 vertit
373 3789 455 3868 „alia
477 3791 563 3852 enirn
581 3789 821 3872 quadripertita,
844 3789 907 3851 alia
922 3788 1081 3872 bipertita,
1105 3790 1168 3852 alia
1183 3789 1350 3872 simplex“.
1396 3789 1563 3854 Praeterea

92 3916 148 3978 ea,
185 3896 269 3976 quae
298 3893 386 3976 apud
415 3892 665 3975 Theophrastum
695 3895 803 3976 ipsum
834 3899 996 3969 secuntur,
1030 3892 1191 3973 postulare
1224 3893 1303 3954 mihi
1331 3893 1492 3973 videntur,
1528 3901 1563 3957 ut

92 3999 282 4064 adiciantur
309 3997 406 4060 verba
435 3995 472 4079 ,ἡ
496 3995 529 4058 δὲ
553 3996 715 4080 μανόξοας“.
761 3997 843 4060 Nam
872 4003 1044 4079 postquam
1072 3995 1306 4078 Theophrastus
1337 3997 1416 4060 haec
1445 4016 1563 4081 genera

97 4103 312 4171 enumeravit
350 4102 389 4165 de
424 4101 561 4184 singulis
595 4102 750 4183 loquitur,
789 4121 864 4164 cum
897 4101 975 4162 haec
1010 4100 1104 4163 dicit:
1142 4099 1295 4176 ,Καλαδαι
1328 4099 1361 4164 δὲ
1394 4100 1563 4185 τατραξόους

93 4207 153 4293 μὲν
277 4205 308 4270 αἱ
332 4203 420 4278 diicat
443 4203 476 4269 δὲ
599 4203 752 4288 μονοξόους
775 4202 808 4267 δὲ
830 4207 980 4279 καλοῦσι“,
1014 4204 1107 4288 quasi
1134 4206 1198 4267 iam
1228 4214 1321 4268 antea
1344 4206 1461 4269 dixerit
1482 4207 1561 4270 haec

93 4330 220 4398 genera
241 4329 312 4375 essa
334 4312 448 4374 harum
472 4309 631 4372 arborum.
678 4308 771 4384 Quod
794 4311 858 4372 nisi
881 4308 1017 4390 fecisset,
1046 4309 1098 4372 hic
1120 4327 1195 4372 eum
1218 4307 1332 4372 addere
1354 4328 1405 4374 me
1430 4309 1561 4393 quidem

96 4416 210 4481 iudice
232 4434 365 4479 necesse
380 4415 441 4478 luit
456 4411 531 4491 ,εἰσὶ
547 4411 579 4476 δὲ
594 4411 646 4487 καὶ
661 4412 819 4498 ρανόξααι“.
866 4412 971 4489 Quare
990 4419 1069 4496 puto
1083 4408 1157 4496 post
1179 4411 1218 4496 ,ἡ
1233 4411 1266 4475 δὲ
1282 4409 1392 4485 δίξοας“
1415 4413 1561 4477 addenda

93 4539 172 4586 osse
202 4518 299 4583 verba
333 4515 370 4601 ,ἡ
401 4517 434 4580 δὲ
466 4517 627 4602 perdicae&
664 4537 747 4600 quae
779 4524 909 4602 propter
943 4518 1024 4581 duas
1057 4517 1196 4598 syllabas
1225 4519 1344 4600 primas
1377 4515 1414 4600 ,ἡ
1445 4515 1496 4579 δὲῑί
1532 4522 1563 4581 et

96 4625 233 4689 ultimas
262 4627 370 4700 ,,ξαος“,
406 4641 489 4706 quae
517 4633 700 4705 congruunt
729 4641 803 4685 cum
832 4623 882 4705 iis,
919 4642 1001 4705 quae
1032 4622 1235 4705 praecedunt,
1263 4621 1354 4685 facile
1383 4641 1402 4684 a
1432 4620 1561 4684 librario

92 4728 204 4794 omitti
226 4733 411 4811 potuerunt.
