3292 5436
853 142 896 205 60

142 366 272 413 mecum
304 349 566 428 communicavit,
600 355 730 412 secutus
763 349 881 412 mutari
914 350 987 412 volo
1017 347 1116 412 verba
1149 344 1261 425 ,ρῦτως
1287 346 1364 433 γὰρ’
1389 348 1426 411 in
1451 342 1602 433 ,ὄμβρους

142 471 211 534 qua
239 452 377 518 lectione
405 455 440 517 in
465 457 653 517 contextum
682 458 808 536 recepta
838 454 946 516 omnia
975 452 1057 517 bene
1088 453 1261 535 quadrant:
1297 449 1463 540 ,,Ἐνιαχοῦ
1496 451 1529 516 δὲ
1557 450 1601 515 καὶ

141 553 257 620 ὑδάτων
280 556 487 641 ἐπιγινομένων
515 553 663 640 ἰδιώτερον
691 553 843 620 ἀνατεῖλαι
863 551 944 639 4ἱίλης
971 557 1093 640 πλῆθος,
1122 551 1218 641 ὥσπερ
1241 557 1272 620 ἐν
1295 554 1419 642 Κυρήνῃ
1451 555 1601 628 πιττώδους
1633 622 1636 627 ,

144 659 219 733 τινος
240 660 396 745 γενομένου
424 658 474 725 καὶ
496 659 608 747 παχέος
634 654 743 745 ὄμβρου
767 657 981 745 ἀνεβλάστησεν
1010 657 1174 744 ἡπλησίον
1198 655 1253 744 ὕλη
1275 658 1416 746 πρότερον
1446 659 1503 725 οὐκ
1524 654 1599 724 οὖσα.
1634 696 1636 727 ;

209 815 257 884 lV,
282 822 308 883 4,
334 822 364 875 l:
390 813 436 871 Ἐν
461 817 489 871 δὲ
511 821 544 890 τῇ
561 812 631 888 Ἀσίᾳ
654 812 716 890 παρ’
729 813 847 876 ἑκάστοις
970 815 986 883 ,ἢ
1015 819 1073 874 144.
1126 815 1232 870 Hedera
1265 815 1319 869 iem
1351 815 1457 869 dieitur
1488 816 1519 868 in
1543 816 1600 869 Asia
1630 872 1636 897 1

66 930 70 939 ·
140 899 265 959 ldv'drro
291 901 426 978 τυγχάνει·
462 901 495 957 τὰ
523 907 568 975 μὲν
596 902 644 976 γὰρ
673 905 792 976 φέρουσιν
821 904 848 956 nl
900 902 983 957 nasei.
1034 903 1223 970 negaverat
1251 901 1532 971 Theophrastum
1557 918 1600 956 neo
1634 904 1636 913 '

140 996 232 1065 χῶραι,
256 990 290 1045 τὰ
314 986 381 1045 δὀὐ
411 988 532 1064 φάουσιν·
560 991 631 1043 οἷον
660 989 775 1044 κιττὸν
803 991 848 1044 καὶ
900 990 936 1043 in
961 989 1065 1043 India
1089 989 1145 1042 nisi
1170 988 1347 1042 in-monte
1374 987 1461 1058 Mero,
1490 989 1554 1058 quin
1576 991 1600 1043 et

144 1075 240 1150 ἐλάτην
267 1073 297 1131 od
322 1098 398 1151 φασιν
423 1073 652 1149 atvairpands:
676 1078 702 1131 ἐν
720 1084 775 1137 τοῖς
793 1071 847 1131 ἅνω
900 1075 1047 1144 Harpalum
1076 1075 1149 1130 omni
1173 1075 1251 1128 modo
1276 1075 1419 1144 laborasse,
1447 1078 1483 1131 ut
1512 1078 1600 1131 sereret
1634 1102 1636 1153 γ

139 1170 187 1236 τῆς
211 1164 305 1239 Συρίας
332 1162 382 1219 ἀπὸ
400 1163 533 1237 θαλάττης
557 1160 631 1218 πένθ’
645 1162 748 1237 ἡμερῶν
774 1161 847 1218 ὁδόν·
900 1179 959 1216 eam
981 1164 1012 1216 in
1029 1163 1118 1217 Medis
1141 1163 1250 1230 frustra,
1277 1161 1467 1216 Alexandrum
1490 1179 1552 1217 vero
1572 1163 1599 1218 ob
1634 1168 1636 1193 ²

144 1247 198 1305 ἀλλ’
212 1253 238 1305 ἐν
251 1249 339 1312 Ἰνδοῖς
358 1257 471 1326 φανῆναι
488 1254 533 1306 καὶ
552 1253 578 1305 ἐν
596 1258 634 1323 τῷ
651 1246 704 1324 ὄρει
718 1249 852 1324 τῷλίηρῷ
900 1250 1035 1304 raritatem
1058 1251 1097 1303 ita
1121 1250 1245 1303 coronato
1269 1248 1393 1303 exercitu
1417 1249 1550 1304 victorem
1570 1266 1599 1304 ex

142 1326 313 1411 καλουμένιρ·
342 1333 402 1393 ὅθεν
430 1337 462 1409 δὴ
490 1341 534 1392 καὶ
560 1337 604 1392 τὸν
632 1336 755 1392 Διόνυσον
784 1338 848 1391 είνοιι
900 1337 978 1391 India
1001 1337 1116 1390 rediisse
1140 1333 1263 1403 exemplo
1287 1335 1378 1389 Liberi
1408 1336 1505 1403 patris,
1531 1335 1600 1391 euius
1633 1408 1636 1415 Ι

140 1424 327 1497 μυθολογοῦσι.
363 1424 409 1479 Aa
433 1428 478 1480 καί
497 1421 510 1479 ὃ
526 1421 691 1498 Ἀλέξανδρος
716 1424 741 1485 ἐξ
757 1421 849 1483 Ἰνδίας
902 1424 945 1477 dei
963 1426 991 1477 et
1008 1440 1080 1477 nunc
1097 1420 1208 1477 adornat
1231 1423 1341 1491 thyrsos
1358 1421 1506 1490 galeasque
1529 1423 1600 1478 etiam

34 1544 42 1553 »
104 1571 105 1575 ¹
143 1515 207 1566 ποτὲ
241 1510 322 1566 ἀπιὼν
358 1514 570 1585 ἐστεφανωμένος
602 1517 682 1583 κιττῷ
708 1512 773 1566 εἶναι
804 1514 849 1566 καὶ
900 1528 931 1565 ao
962 1514 1038 1565 souta
1067 1512 1097 1563 in
1126 1509 1252 1564 Thraciae
1288 1507 1397 1577 populis
1431 1509 1601 1564 sollemnibus

145 1595 222 1658 αὐτὸς
241 1597 321 1671 καὶῆ
343 1596 463 1672 στρατιά·
488 1603 539 1652 τῶν
557 1600 585 1652 δὲ
604 1594 689 1652 ἄλλων
712 1601 739 1652 ἐν
757 1597 849 1671 Μηδία
901 1598 993 1665 sacris,
1019 1597 1130 1651 inimica
1154 1596 1242 1651 arbori
1265 1595 1385 1663 satisque
1405 1596 1544 1662 omnibus,
1565 1612 1600 1650 se·

144 1683 239 1757 μόνον·
258 1687 410 1759 περικλείειν
430 1685 476 1758 γὰρ
493 1682 559 1757 αὕτη
573 1686 699 1740 δοκεῖκαὶ
712 1683 848 1739 συνάπτειν
901 1684 1005 1752 pulcra,
1033 1700 1124 1738 muros
1152 1698 1292 1751 rumpenti,
1319 1681 1494 1750 serpentium
1520 1682 1602 1752 frigori

142 1792 199 1831 πως
229 1779 266 1844 τῷ
300 1770 402 1847 Πόντῳ.
458 1770 553 1826 Καίτοι
586 1792 616 1843 γε
649 1769 848 1846 διεφιλοτιμήδη
901 1771 1068 1838 gratissima,
1103 1774 1135 1823 ut
1167 1771 1267 1824 mirum
1300 1768 1337 1822 sit
1364 1767 1452 1822 ullum
1485 1770 1602 1825 honorem

135 1854 266 1932 Ἅρπαλος
290 1861 316 1913 ἐν
340 1867 394 1919 τοῖς
417 1861 581 1934 παραδείσοις
604 1866 658 1919 τοῖς
682 1861 740 1932 περὶ
763 1857 848 1930 Basa·
901 1857 1024 1911 habitum
1043 1857 1077 1910 ei.

142 1947 211 2000 λῶνα
230 1945 348 2020 φυτεύων
373 1944 498 2006 πολλάκις
520 1948 565 1999 καὶ
589 1943 847 2018 πραγματευόμενος·

141 2029 198 2086 ἀλλ’
215 2031 289 2088 οὐδὲν
309 2034 389 2088 ἐποίει
414 2035 506 2087 πλέον·
532 2029 562 2086 od
586 2031 633 2105 γὰρ
660 2028 767 2086 ἐδύνατο
793 2035 847 2103 ζῆν,

141 2116 224 2194 ὥσπερ
244 2117 327 2175 τᾶλλα
345 2119 378 2175 τὰ
398 2122 428 2174 ἐκ
446 2125 493 2191 τῆς
508 2116 644 2178 Ἑλλάδος.

243 2224 349 2307 Negat
371 2225 559 2309 Sprenglius
581 2224 613 2306 (1.
629 2225 649 2286 l.
667 2243 739 2306 pag.
758 2225 811 2304 61)
834 2225 887 2287 hic
909 2223 1160 2306 Theophrastum
1181 2225 1289 2306 ipsum
1312 2242 1382 2313 esse
1406 2226 1596 2304 adhibitum,

141 2328 198 2392 sed
228 2329 372 2392 medium
405 2328 566 2411 quendam
595 2334 759 2392 auctorem
790 2328 937 2391 aPlinio
974 2346 1043 2391 esse
1072 2346 1246 2390 excussum
1279 2330 1456 2394 contendit
1519 2330 1601 2396 Certe

142 2430 337 2496 differentiae
365 2433 540 2496 nonnullae
569 2434 654 2496 inter
681 2437 857 2516 utrumque
887 2436 1023 2497 exstant.
1076 2431 1310 2514 Theophrastus
1341 2433 1419 2497 dicit
1450 2434 1597 2500 hederam

141 2554 183 2599 ex
206 2537 276 2600 aliis
299 2539 397 2600 Asiae
420 2543 542 2619 praeter
564 2537 693 2600 Indiam
723 2537 869 2620 partibus
892 2538 982 2600 nasci
1005 2537 1040 2598 in
1063 2535 1170 2599 Media
1199 2537 1277 2617 sola,
1307 2537 1422 2605 sedin
1445 2541 1600 2623 paradisis

145 2640 228 2702 circa
250 2639 451 2722 Babylonem
475 2641 555 2721 sitia,
586 2645 623 2704 ut
646 2645 867 2720 eamsereret,
896 2641 1014 2703 frustra
1043 2639 1204 2703 laborasse
1232 2639 1422 2725 Harpalum.
1476 2643 1601 2707 Plinius

142 2747 251 2805 contra
280 2742 448 2824 Babylone
477 2763 543 2806 non
578 2750 822 2807 commemorata
851 2743 1029 2827 Harpalum
1059 2747 1177 2808 frustra
1204 2745 1380 2826 laborasse,
1417 2750 1457 2808 ut
1488 2751 1601 2811 sereret

143 2863 213 2909 eam
237 2849 272 2910 in
294 2847 409 2929 Medis,
431 2847 604 2911 contendit.
648 2847 883 2932 Theophrastus
906 2867 1048 2930 causam,
1073 2869 1137 2931 qua
1160 2853 1337 2912 commotus
1357 2848 1550 2915 Alexander
1570 2869 1600 2914 se

145 2953 242 3032 atque
265 2954 441 3015 exercitum
465 2953 581 3016 hedera
608 2959 800 3034 coronasset,
831 2971 901 3016 eam
923 2951 1024 3015 fuisse
1048 2951 1135 3034 dicit,
1168 2952 1254 3034 quod
1277 2957 1432 3017 cresceret
1455 2954 1491 3017 in
1518 2955 1599 3020 Mero
1634 2968 1636 2973 ·

138 3059 260 3137 monte,
294 3055 351 3119 ubi
385 3062 481 3121 natus
512 3063 595 3121 esset
624 3055 804 3138 Dionysus,
839 3056 968 3119 Plinius
995 3057 1155 3118 raritatem
1186 3063 1217 3119 et
1245 3057 1431 3139 exemplum
1463 3056 1598 3140 Dionysi
1634 3112 1636 3119 .

138 3157 244 3222 fuisse
267 3179 405 3224 causam.
463 3159 590 3235 Quibus
612 3160 708 3224 rebus
732 3167 921 3240 commotus,
953 3179 1027 3223 cum
1050 3165 1211 3242 praeterea
1233 3179 1281 3242 ea,
1312 3179 1395 3243 quae
1417 3162 1482 3226 sub
1506 3162 1598 3228 finem
1634 3150 1636 3177 ²

141 3262 240 3325 huius
274 3265 463 3347 paragraphi
498 3264 624 3329 Plinius
665 3264 814 3349 praebet,
859 3263 946 3346 apud
978 3263 1230 3354 Theophrastum
1272 3283 1337 3327 non
1377 3266 1598 3348 inveniantur,

138 3364 330 3450 Sprenglius
345 3368 596 3452 Theophrastum
620 3370 671 3432 hic
695 3372 826 3432 omnino
850 3387 920 3432 esse
943 3386 1119 3432 excussum
1137 3373 1240 3450 negat.
1279 3366 1471 3444 Quodnam
1488 3392 1597 3437 verum
1633 3382 1636 3467 j

141 3470 192 3548 sit,
216 3471 310 3535 valde
334 3472 454 3536 dubito.
502 3471 592 3536 Certe
616 3472 742 3536 Plinius
774 3472 871 3536 verba
893 3491 1000 3555 usque
1028 3472 1068 3534 ad
1093 3492 1156 3554 „ex
1177 3472 1270 3535 India
1292 3473 1427 3538 rediisse
1450 3476 1597 3561 exemplo

137 3571 246 3637 Liberi
268 3577 388 3659 patris‘
413 3576 514 3640 adfert
536 3584 572 3639 ut
595 3597 613 3640 a
635 3577 848 3661 Theophrasto
871 3577 996 3660 tradita,
1021 3579 1108 3661 quod
1131 3578 1261 3659 adparet
1283 3595 1325 3641 ex
1347 3582 1596 3661 constructione,
1634 3590 1636 3601 '

142 3696 239 3758 quam
263 3698 416 3742 vocamus
438 3680 659 3743 accusativum
683 3699 757 3744 cum
779 3681 959 3760 infinitivo;
991 3688 1021 3746 et
1044 3701 1090 3765 eo,
1114 3682 1200 3765 quod
1223 3686 1332 3763 postea
1354 3684 1507 3764 sequitur
1529 3689 1599 3771 post
1634 3672 1636 3757 ξ

137 3800 315 3863 pronomen
340 3785 510 3846 relativum
528 3785 661 3864 „cuius“
680 3786 794 3849 modus
810 3787 1015 3868 indicativus,
1039 3786 1176 3850 declarat
1192 3784 1319 3848 Plinius
1342 3785 1421 3849 haec
1436 3806 1475 3852 se
1490 3789 1594 3872 ipsum
1634 3826 1636 3875 ÷

139 3884 293 3951 adiecisse
317 3888 356 3950 ad
379 3887 583 3971 Theophrasti
607 3887 712 3952 verba.
760 3889 849 3965 Quae
871 3892 934 3954 nisi
958 3909 999 3954 ex
1018 3891 1231 3974 Theophrasto
1254 3891 1335 3972 ipso,
1359 3895 1445 3955 certe
1469 3910 1512 3956 ex
1535 3892 1592 3955 alio
1633 3879 1636 3961 f

142 3988 281 4071 quodam
304 3997 443 4072 auctore,
468 3993 525 4073 qui
549 3993 617 4074 ipse
638 3991 851 4076 Theophrasto
874 4015 955 4058 usus
978 4001 1052 4076 erat,
1083 3994 1219 4060 fluxisse
1243 3995 1383 4058 debent·
1414 3993 1480 4059 Sed
1512 3996 1597 4061 diffe-

142 4094 329 4176 rentiarum,
366 4114 447 4177 quas
480 4096 563 4159 inter
592 4095 736 4161 Plinium
771 4104 802 4163 et
834 4098 1086 4182 Theophrastum
1120 4098 1316 4164 intercedere
1349 4100 1489 4182 ostendi,
1524 4121 1595 4165 cum

135 4199 293 4278 posterior
316 4199 439 4262 nullius
462 4201 616 4262 momenti
639 4202 690 4282 sit,
720 4203 805 4285 prior
833 4209 916 4268 certe
945 4205 1027 4267 miro
1050 4224 1156 4268 errore
1179 4210 1246 4268 orta
1268 4207 1324 4285 est,
1355 4221 1431 4266 cum
1455 4204 1544 4270 inter
1564 4223 1597 4270 se
1634 4242 1636 4251 ·

143 4308 356 4367 commutatae
379 4304 445 4366 sint
466 4301 573 4369 Media
602 4310 633 4368 et
655 4304 812 4388 Babylon.
863 4305 999 4371 Cuinam
1027 4314 1150 4392 praeter
1180 4308 1323 4371 Plinium
1354 4309 1478 4371 auctori
1502 4309 1594 4373 talem

138 4422 278 4470 errorem
312 4409 532 4490 imputemus?
588 4410 749 4494 Equidem
780 4414 905 4490 nescio;
941 4412 996 4476 sed
1026 4411 1170 4476 Plinium
1198 4413 1261 4474 iam
1290 4429 1384 4495 saepe
1405 4410 1595 4477 invenimus

136 4510 234 4574 verba
267 4511 473 4595 Theophrasti
503 4516 641 4597 pessime
672 4516 866 4596 confudisse,
901 4523 932 4581 et
962 4517 1040 4581 tales
1072 4535 1191 4582 errores
1226 4515 1387 4599 quomodo
1422 4517 1486 4579 orti
1523 4519 1596 4598 sint,

139 4613 297 4680 celeritate
316 4623 348 4681 et
366 4619 577 4704 neglegentia,
606 4641 670 4703 qua
686 4620 813 4685 Plinius
833 4641 913 4686 usus
932 4627 979 4687 est
997 4621 1192 4703 auctoribus,
1210 4623 1303 4686 facile
1320 4620 1462 4704 intellegi
1485 4629 1595 4707 potest

138 4717 244 4793 Quare
268 4722 417 4802 equidem
440 4730 518 4808 puto
541 4725 686 4789 Plinium
715 4725 767 4788 hic
789 4725 1001 4810 Theophrasto
1032 4727 1112 4810 ipso,
1142 4727 1198 4791 sed
1228 4728 1365 4809 pessime
1392 4745 1493 4794 usum
1517 4748 1594 4796 esse.

96 5076 128 5124 ι
229 5000 408 5124 Α..
