3292 5436
850 194 892 261 38

247 405 307 488 Ila,
342 424 425 489 quae
463 404 587 469 Plinius
622 404 700 467 dicit
732 403 768 466 in
801 421 923 486 paragr.
946 400 988 466 93
1011 406 1043 465 et
1064 400 1118 482 94,
1150 398 1236 482 apud
1259 399 1514 481 Theophrastum
1544 420 1611 464 non

140 516 278 577 exstant
301 508 359 590 (lle
381 509 510 573 favonio
534 508 572 572 of.
589 506 684 571 Luor.
707 507 737 589 I,
753 506 795 569 10
811 525 880 590 sqq.
907 503 1109 590 „genitabilis
1131 523 1209 567 aura
1231 502 1360 585 favoni),
1383 509 1424 586 et,
1447 504 1482 566 ni
1507 503 1614 576 fallor,

145 611 260 678 Latino
282 615 404 677 auctori
428 612 594 678 debentur.

209 784 283 838 Haeo
301 784 383 838 verba
400 784 538 839 rhetorum
556 783 636 838 modo
651 784 741 837 ornata
755 781 848 850 ipsius

141 869 226 924 Plinii
244 886 305 925 osse
323 872 396 939 puto.

210 1129 261 1198 ΙΠ,
279 1135 304 1198 θ,
324 1134 348 1188 8.
383 1126 595 1205 Ἀμφισβητεῖται
613 1130 641 1184 δέ
659 1130 704 1183 καὶ
721 1130 780 1202 περὶ
797 1133 848 1182 τῶν

142 1214 228 1272 ἀνθῶν
253 1219 335 1282 ἐνίων,
363 1213 446 1291 ὥσπερ
473 1217 593 1289 εἴπομεν·
619 1217 713 1288 οί-μὲν
738 1215 849 1288 γὰρκαὶ

142 1306 202 1378 δρῦν
223 1300 309 1359 ἀνθεῖν
329 1305 426 1358 οἴονται
438 1306 483 1358 καὶ
495 1303 542 1377 τὴν
552 1301 730 1377 Ἣρακλειῐπιν
747 1298 847 1374 καρύαν

141 1392 187 1445 καὶ
211 1387 271 1451 Διὸς
296 1389 422 1462 βοίλανον,
451 1392 488 1445 έτι
514 1392 541 1445 δέ
565 1388 667 1463 πεύκην
691 1392 736 1444 καὶ
760 1387 862 1442 πίτυν·’

142 1478 166 1531 σί
191 1477 219 1532 δὲ
243 1474 316 1532 οὐδὲν
342 1476 450 1543 τούτων,
476 1474 544 1532 ἀλλὰ
567 1470 616 1532 τὸν
639 1477 726 1531 ἴουλον
751 1472 796 1529 τὸν
821 1476 869 1545 έν,

141 1571 198 1624 ταῖς
215 1562 333 1639 καράαις,
350 1567 395 1619 καὶ
412 1563 443 1619 τὸ
462 1562 539 1639 βρύον
558 1562 588 1618 τὸ
607 1561 717 1638 δριίϊνον,
742 1565 788 1616 καὶ
804 1560 849 1616 τὸν

141 1648 270 1724 κύτταρον
306 1650 351 1704 τὸν
388 1652 502 1705 πιτΰινον
539 1647 617 1723 ὅμοια
647 1652 693 1704 καὶ
723 1645 849 1721 ἀνάλογον

143 1736 278 1797 εἶναιτοῖς
296 1735 457 1811 προπτοίτοις
476 1740 575 1811 ἐρινοῖς.

213 1820 245 1878 Οἱ
263 1825 291 1878 δέ
309 1827 367 1898 περὶ
389 1823 556 1879 Μακεδονίαν
582 1821 642 1878 οὐδέ
664 1819 748 1878 ταῡτά
772 1841 849 1895 φασιν

143 1905 240 1976 ἀνθεῖν,
260 1905 443 1983 ἀρκευθον,
463 1908 540 1983 ὀξάην
561 1907 658 1984 ἀγρίαν,
678 1911 850 1984 ορένδοιμνον.

138 1992 247 2052 Ἔνιοι
282 1998 316 2052 δὲ
351 1997 410 2058 τὰς
441 1994 632 2073 ἀρκεύθους
662 1993 720 2051 δυό
751 1996 849 2057 εἶναι,

143 2086 199 2138 καὶ
217 2082 278 2157 τὴν
298 2087 355 2156 μέν
374 2085 493 2158 έτέραν
514 2080 634 2138 ἀνθεῖν
654 2086 725 2155 μὲν,
746 2078 850 2156 ἀκαρ·

142 2191 202 2224 πον
231 2172 265 2225 δέ
291 2171 392 2235 εἶναι,
418 2169 478 2242 τὴν
504 2172 538 2224 δέ
563 2172 683 2243 ἑτέραν
710 2166 771 2224 οάκ
797 2165 850 2222 ἀν-

142 2256 214 2311 θεῖν
235 2260 305 2330 μὲν,
324 2255 450 2332 καρπὸν
469 2258 502 2311 δὲ
522 2259 636 2331 φέρειν
656 2252 755 2316 εὐθὺς
772 2276 849 2329 προ-

143 2341 351 2417 φαινόμενον
377 2340 461 2418 ἀοπερ
486 2342 596 2405 καὶτὰς
615 2348 694 2405 συκᾶς
711 2341 745 2397 τὰ
763 2341 848 2417 έρινά·

143 2431 291 2502 συμβαίνειν
310 2432 339 2486 δὲ
358 2429 458 2506 σχεδὸν,
479 2426 543 2485 ὥστε
566 2431 618 2485 ἐπὶ
637 2428 697 2484 διίο
716 2431 774 2503 έτη
793 2428 850 2484 τὸν

143 2515 271 2590 καρπὸν
296 2517 389 2593 ἔχειν
415 2515 494 2590 μόνον
516 2522 620 2571 τοῦτο
645 2515 681 2571 τὸ
700 2518 849 2591 δένδρον.

143 2601 234 2659 Ταῦτα
252 2607 298 2676 μὲν
318 2600 362 2658 οὖν
382 2606 558 2659 ἐπισκεπτέον.

970 696 1045 763 ς95.
1081 691 1144 745 Flos
1168 692 1210 745 est
1234 690 1307 758 ploni
1325 692 1398 746 veris
1422 692 1561 748 indicium
1584 697 1611 748 et

900 780 963 834 anni
980 778 1154 847 renascentis,
1171 778 1222 832 flos
1234 778 1364 846 gaudium
1376 779 1511 837 arborum.
1544 782 1609 836 tuno

900 882 930 921 se
948 863 1033 921 novas
1050 865 1170 936 aliasque
1188 881 1268 934 quam
1286 867 1351 919 sunt
1367 867 1525 936 ostendunt,
1544 871 1609 923 tuno

900 952 985 1007 variis
1013 952 1133 1007 colorum
1160 951 1275 1020 picturis
1302 952 1331 1005 in
1358 954 1493 1007 certamen
1522 969 1612 1024 usque

900 1039 1047 1094 luxurient.
1086 1038 1134 1093 sed
1151 1039 1203 1093 hoo
1221 1040 1348 1106 negatum
1365 1038 1514 1108 plerisque.
1558 1058 1611 1096 non

900 1127 975 1180 enim
993 1141 1085 1180 omnes
1103 1127 1206 1195 florent,
1225 1129 1254 1179 et
1271 1127 1337 1178 sunt
1360 1125 1453 1180 tristes
1477 1129 1610 1196 quaedam

901 1228 1022 1282 quaeque
1040 1228 1093 1267 non
1111 1212 1229 1266 sentiant
1246 1212 1344 1280 gaudia
1361 1229 1502 1267 annorum.
1550 1233 1610 1270 nam

901 1316 988 1368 neque
1020 1299 1084 1367 ilex,
1110 1300 1195 1368 piosa,
1225 1298 1303 1368 larix,
1333 1302 1424 1368 pinus,
1455 1300 1514 1356 ullo
1546 1303 1610 1356 flore

901 1385 1085 1442 exhilarantur
1137 1386 1270 1441 natalisve
1316 1403 1457 1456 pomorum
1504 1405 1610 1445 annuos

902 1473 1059 1528 versicolori
1086 1473 1182 1528 nuntio
1200 1473 1368 1543 promittunt,
1395 1491 1446 1529 neo
1464 1475 1513 1530 fioi
1531 1479 1612 1546 atqua

903 1561 1030 1628 oaprilioi.
1071 1563 1195 1629 protinus
1221 1561 1296 1615 enim
1323 1562 1442 1616 fruetum
1468 1579 1519 1631 pro
1547 1564 1611 1619 flore

902 1647 1025 1716 gignunt.
1074 1647 1185 1702 infiois
1212 1648 1348 1703 mirabiles
1371 1652 1481 1704 suntet
1500 1651 1611 1707 abortus

904 1734 951 1801 qui
969 1750 1106 1804 nunquam
1124 1737 1311 1789 maturescant.

973 1821 1053 1887 §aa
1098 1821 1168 1875 Neo
1197 1821 1353 1891 iunipiri
1379 1824 1482 1878 florent.
1531 1826 1609 1896 qui-

904 1907 976 1960 dam
994 1923 1109 1962 earum
1127 1908 1192 1962 duo
1210 1924 1334 1976 genera
1351 1911 1507 1965 tradunt:
1527 1913 1609 1967 alte-

902 2009 973 2047 ram
989 1993 1119 2049 florore
1138 2010 1199 2048 neo
1217 1995 1323 2064 ferro,
1342 2013 1428 2064 qnae
1446 2014 1533 2054 roro
1551 2016 1609 2054 non

903 2081 1044 2149 floreat,
1062 2083 1153 2136 ferre
1171 2081 1333 2151 protinus
1351 2083 1450 2153 bacis
1469 2101 1610 2140 nascen-

903 2168 1000 2222 tibus
1025 2185 1109 2237 quae
1134 2169 1279 2222 biennio
1302 2170 1478 2224 haereant.
1517 2172 1566 2226 sed
1583 2173 1610 2225 id

902 2255 1000 2309 salsum
1025 2255 1202 2324 omnibusque
1225 2257 1271 2310 his
1295 2257 1362 2310 dura
1387 2256 1472 2311 iacies
1496 2273 1608 2326 semper.

903 2340 945 2394 sio
963 2343 991 2394 et
1008 2340 1149 2396 hominum
1167 2342 1262 2397 multis
1280 2344 1386 2399 fortuna
1404 2343 1463 2396 sine
1482 2344 1550 2399 flore
1562 2347 1610 2399 est

249 2709 380 2773 Plinius
401 2729 452 2774 me
477 2710 607 2794 quidem
630 2709 738 2773 iudice
753 2709 967 2792 Theophrasto
991 2709 1061 2791 ipso
1084 2728 1149 2772 non
1173 2727 1254 2774 usus
1276 2717 1332 2774 est.
1371 2711 1410 2774 lu
1426 2706 1554 2796 paragr.
1568 2713 1608 2778 95

146 2812 263 2895 ilioem,
285 2815 421 2896 piooam,
444 2814 584 2895 laricem,
607 2814 722 2896 pinum
744 2814 875 2875 omnino
898 2811 1010 2876 florere
1038 2819 1141 2896 negat,
1174 2833 1249 2876 oum
1271 2813 1519 2900 TheophrastuS,
1551 2819 1604 2902 qui

148 2920 288 2981 ceterum
312 2937 378 2980 non
402 2918 529 2982 easdem
556 2916 683 2981 arbores
714 2923 810 3000 atque
833 2916 961 2979 Plinius
989 2916 1110 2997 laudat,
1139 2917 1219 2980 duas
1249 2919 1333 2982 inter
1363 2937 1397 2982 se
1425 2928 1606 3004 pugnantes

147 3021 323 3084 sententias
350 3020 479 3103 adferat,
508 3042 644 3105 quarum
676 3027 749 3086 utra
771 3040 847 3085 vera
876 3021 928 3102 sit,
958 3038 1023 3083 non
1057 3019 1220 3085 diiudicat.
1277 3022 1360 3086 Item
1384 3022 1423 3086 de
1446 3023 1606 3090 divisione

112 3152 116 3159 =
146 3124 373 3207 iunipirorum,
398 3145 497 3208 quam
521 3128 676 3209 quosdam
699 3127 802 3190 facere
826 3126 913 3206 dioit,
937 3124 1019 3187 nihil
1041 3125 1117 3188 certi
1141 3126 1315 3208 contendit,
1347 3128 1401 3191 sed
1429 3128 1606 3195 haedere

146 3245 216 3292 esse
240 3229 460 3311 quaerendum
485 3229 574 3313 dioit,
596 3251 671 3295 oum
695 3230 824 3294 Plinius
847 3229 930 3292 hano
952 3227 1158 3293 falsamesse
1181 3229 1273 3295 dicat.
1314 3229 1385 3306 Qua
1408 3250 1449 3296 ex
1472 3252 1509 3297 re
1533 3253 1606 3298 oon·

146 3331 240 3395 oludo
273 3331 433 3415 Phaium,
468 3353 542 3398 oum
577 3335 711 3398 vidisset
743 3333 993 3414 Theophrastum
1032 3334 1141 3416 ipsum
1180 3334 1240 3397 hao
1275 3335 1314 3399 de
1346 3354 1381 3400 re
1414 3336 1498 3400 nihil
1533 3338 1605 3402 oerti

146 3435 309 3518 praebere,
354 3438 410 3502 sed
447 3445 520 3503 utra
557 3439 717 3502 sententia
751 3442 839 3501 reota
877 3438 927 3518 sit,
974 3437 1194 3520 quaerendum
1233 3457 1303 3502 esse
1346 3440 1462 3523 dioere,
1508 3441 1601 3506 alium

148 3542 330 3623 posterioris
363 3544 476 3607 aetatis
510 3548 671 3606 auctorem
708 3540 893 3605 adhibuisse
928 3543 1064 3623 eiusque
1101 3541 1322 3623 opininionem
1362 3552 1398 3608 ut
1432 3565 1544 3611 veram
1579 3552 1608 3611 et

145 3649 264 3709 rectam
288 3665 380 3710 suam
403 3647 525 3711 feoisse.

214 3765 351 3833 111,4,1.
385 3764 420 3820 ‘ll
449 3768 482 3821 δὲ
509 3764 693 3839 βλάστησις
720 3771 769 3820 τῶν
803 3768 850 3838 μέν

146 3847 201 3924 ἀμα
224 3857 320 3925 γίνεται
344 3856 388 3907 καὶ
414 3858 465 3907 τῶν
493 3850 608 3928 ἡμέρων,
632 3857 682 3907 τῶν
708 3854 736 3907 δὲ
760 3851 850 3927 μικρὸν

145 3940 343 4012 ἐπιλειπομένη,
368 3945 418 3994 τῶν
444 3937 470 3993 δ’
482 3936 534 4013 ἤδη
558 3941 651 3994 πλέον·
677 3937 798 3994 ἁπάντων
823 3941 851 3994 δέ

145 4024 214 4080 κατὰ
237 4025 284 4098 τὴν
307 4023 398 4100 ἠρινὴν
425 4023 502 4102 ὥραν.
588 4023 680 4082 Αάτά
706 4024 731 4081 δ>
745 4025 850 4082 αὐτῶν

144 4111 185 4167 τὰ
210 4110 355 4186 ὁμογενῆ
379 4119 417 4186 τῷ
437 4111 563 4188 πρότερον
588 4116 633 4168 καὶ
651 4110 758 4187 ὕστερον
778 4115 850 4168 δια-

147 4202 242 4273 φέρει
269 4199 354 4253 κατὰ
380 4201 459 4262 τοὺς
485 4198 623 4262 τόπους·
651 4206 763 4276 πρῶτα
791 4203 849 4272 μὲν

146 4284 205 4359 γάρ
224 4284 407 4357 βλαστάνει
425 4286 464 4342 τά
483 4290 515 4342 έν
534 4295 606 4349 τοῖς
626 4288 749 4353 έλεοιν,
776 4285 808 4348 ὡς
826 4288 850 4341 ol

146 4375 205 4446 περὶ
223 4370 389 4427 Μακεδονίαν
407 4375 517 4446 λέγουσι,
543 4372 685 4450 δεύτερα
709 4376 743 4430 δέ
760 4373 798 4429 τά
816 4376 848 4429 έν

146 4466 216 4520 τοῖς
247 4460 388 4524 πεδίοις,
426 4462 554 4536 έοχατα
585 4463 618 4516 δέ
649 4461 688 4518 τὰ
718 4464 750 4517 ἐν
780 4468 850 4523 τοῖς

147 4542 265 4620 ίίρεοιν.

215 4637 240 4688 2.
273 4629 365 4687 Αὐτῶν
385 4635 412 4689 δὲ
430 4640 479 4689 τῶν
499 4633 560 4690 καθ’
574 4636 671 4690 έκαοτα
690 4638 801 4710 δένδρων
820 4635 853 4690 τὰ

148 4719 194 4789 μέν
209 4719 442 4790 ουναναβλαστοίνει
455 4729 507 4783 τοῖς
520 4719 635 4795 ἡμέροις,
646 4723 699 4777 οἷον
711 4720 852 4799 ἀνδράχνη,

148 4799 267 4879 ἀφάρκη·
300 4802 406 4882 ἀχράς
433 4810 466 4864 δὲ
494 4814 604 4883 μικρῷ
628 4806 767 4884 ὕστερον
794 4815 853 4882 τῆς

305 4916 502 5097 ,ἢ

973 3767 1048 3834 ἐ97.
1094 3765 1194 3819 Omnes
1221 3768 1312 3819 autern
1339 3766 1500 3836 germinant,
1528 3771 1607 3824 etiarn

904 3868 971 3920 quae
1007 3869 1059 3906 non
1091 3852 1198 3920 florent,
1234 3869 1351 3921 magna
1386 3855 1419 3907 et
1453 3853 1607 3912 locorum

905 3938 1127 4006 differentia,
1158 3940 1287 4008 quippe
1314 3955 1388 3993 oum
1419 3957 1460 3994 ex
1492 3945 1607 4000 eodem

904 4043 1027 4096 genere
1064 4042 1149 4094 quae
1185 4028 1268 4079 sunt
1305 4027 1340 4079 in
1381 4027 1610 4096 palustribus

902 4113 1021 4183 priora
1045 4113 1255 4182 germinent,
1280 4129 1356 4168 mox
1380 4117 1610 4184 campestria,

903 4201 1101 4256 novissima
1118 4201 1153 4254 in
1172 4201 1296 4268 silvis,
1315 4217 1362 4269 per
1379 4217 1408 4255 se
1426 4205 1522 4258 autem
1540 4207 1608 4263 tar·

903 4288 984 4343 dius
1019 4288 1088 4357 piri
1125 4287 1313 4342 silvestres
1349 4304 1446 4356 quam
1484 4293 1608 4346 catera

903 4376 1012 4444 primo
1030 4376 1170 4430 favonio
1188 4391 1328 4443 oornus,
1349 4390 1517 4443 proxume
1535 4378 1610 4432 lau·

902 4479 960 4517 rus
1005 4464 1176 4532 pauloque
1220 4464 1298 4517 anto
1345 4463 1611 4533 aequinootinm

905 4551 1000 4618 tilia,
1030 4567 1121 4619 aoer,
1150 4552 1244 4605 inter
1273 4551 1519 4618 primas'raro
1554 4568 1613 4622 po·

906 4637 1022 4706 pulus,
1050 4637 1178 4706 ulmus,
1206 4638 1312 4707 salix,
1345 4636 1459 4705 alnus,
1494 4653 1611 4697 nunes.

906 4724 1302 4794 Festinatetplatanus.

1274 4875 1389 5039 f
