3292 5436
809 137 852 200 45

860 341 964 396 caelum
981 343 1029 396 aut
1046 341 1178 409 nubilum,
1204 342 1333 396 amittunt
1350 343 1442 398 tlorem
1465 347 1493 397 at
1511 346 1570 413 pri-

862 445 920 483 mos
943 430 1057 497 fructus,
1081 430 1114 496 si,
1142 444 1204 483 eum
1235 429 1390 499 defloruere,
1419 430 1487 485 tales
1508 431 1570 484 dies

860 515 968 568 fuerint.

160 599 297 669 111,1,e.
320 597 493 675 Ἀλλὰτὴν
513 603 605 656 ίτέαν
624 602 807 678 ταχύτρο-
930 601 946 668 θ
983 606 1042 660 110.
1103 600 1279 656 Ocissime
1321 606 1433 657 autem
1474 603 1567 657 salix

80 685 333 761 καταβάλλειν
361 687 506 763 προτοῦ
533 690 675 750 τελείως
702 687 808 764 diptica
861 688 997 741 amittit
1032 703 1164 757 semen,
1207 694 1388 760 antequam
1431 690 1569 744 omnino

603 773 608 790 i
627 771 637 791 R

85 779 136 832 aui
171 778 282 849 πέψαι
311 773 367 829 τὸν
400 773 545 850 καρπόν·
582 777 640 830 διο
667 778 722 830 καὶ
751 775 807 831 τὸν
861 774 1104 828 maturitatem
1139 777 1289 844 sentiat,
1329 778 1367 832 ob
1403 777 1436 830 id
1472 776 1569 830 dicta

87 861 248 936 ποιητὴν
268 858 399 923 oduarii:
416 859 808 937 προοαρορεάειναάτὴν
861 860 1008 915 Homero
1059 863 1292 930 frugiperdia.
1356 867 1447 918 secuta
1494 865 1570 917 aetas

91 953 177 1005 ωλεο
188 951 342 1023 ίκαρπον.
862 948 962 1002 scelere
980 964 1029 1003 suo
1047 948 1219 1017 interpretata
1243 953 1285 1004 est
1309 951 1378 1004 hano
1397 950 1570 1018 sententiam,

166 1034 469 1103 ct.uiosaor.1,125.
515 1031 578 1090 καθ’
599 1035 680 1090 ἑαυτὰ
708 1036 736 1090 δὲ
764 1034 808 1091 σὺν
863 1036 968 1103 quando
985 1051 1077 1089 semen
1091 1036 1182 1089 salicis
1195 1036 1303 1090 mulieri
1315 1037 1468 1092 sterilitatis
1482 1037 1568 1091 madi-

98 1119 176 1178 ὕδατι
195 1123 333 1197 ληφθέντα
352 1118 515 1196 ἀουλληψίαν
534 1120 727 1196 κατεργάζεται.
863 1124 1015 1175 cementum
1032 1138 1092 1176 essa
1110 1126 1223 1180 constat.
1261 1125 1308 1178 sed
1333 1125 1362 1177 iu
1386 1124 1437 1177 hoo
1461 1138 1568 1191 quoque

166 1208 249 1264 Hom.
269 1206 318 1263 Od.
337 1229 361 1274 a,
380 1214 440 1268 510.
486 1212 584 1284 μακραί
602 1206 628 1262 τ’
641 1209 747 1284 αἴγειροι
765 1212 810 1264 καὶ
863 1207 1007 1275 providens
1034 1211 1128 1262 natura
1154 1209 1231 1263 facile
1258 1212 1380 1264 nascenti
1405 1213 1432 1265 et
1456 1211 1571 1279 depacto

98 1296 169 1351 ἴτεαι
189 1293 369 1371 ὠλεσίκαρποι.
862 1293 973 1349 surculo
991 1294 1159 1350 incuriosius
1177 1312 1269 1349 semen
1288 1298 1371 1352 dedit
1409 1313 1462 1350 una
1480 1300 1569 1350 tamen

169 1378 220 1436 Th.
237 1381 272 1442 Η,
290 1381 323 1438 Ρ.
341 1381 392 1449 111,
411 1387 435 1449 3,
454 1388 479 1441 4.
529 1385 555 1436 ἐν
587 1379 682 1455 Κρήτῃ
711 1383 739 1437 δὲ
765 1385 810 1437 καὶ
863 1381 986 1449 proditur
1015 1383 1048 1435 ad
1078 1383 1261 1436 maturitatem
1288 1385 1402 1452 parterm
1430 1382 1509 1438 solita
1538 1383 1569 1436 in

101 1470 214 1542 αἴγειροι
235 1466 361 1544 κάρπιμα
379 1471 483 1530 πλείους
509 1471 570 1524 eloi·
595 1471 642 1541 μία
665 1472 711 1542 μὲν
731 1471 813 1541 ἐντῷ
863 1469 940 1522 Creta
963 1468 1053 1522 insula
1076 1469 1136 1536 ipso
1163 1470 1296 1524 descensu
1322 1470 1397 1525 Iovis
1425 1468 1572 1538 speluncae

100 1557 202 1628 στομίῳ
230 1561 277 1611 τοῦ
305 1551 399 1630 ἄντρου
427 1562 473 1612 τοῦ
499 1559 525 1610 ἐν
550 1561 583 1630 τῇ
603 1551 668 1629 Ἴδῃ,
693 1558 720 1609 ἐν
741 1551 762 1628 ᾧ
776 1554 810 1609 τὰ
862 1556 968 1607 torvom
987 1554 1158 1624 lignenmque
1177 1557 1361 1624 magnitudine
1379 1556 1484 1610 ciceris.

99 1639 262 1715 ἀναθήματα
281 1639 424 1708 ἀνάκειται,
444 1639 511 1716 άλλη
531 1645 559 1698 δὲ
578 1642 656 1716 μικρὰ
674 1644 793 1716 πλησίον.

205 1799 259 1862 Ex
283 1801 332 1864 his
355 1801 564 1885 paragraphis
586 1819 690 1883 pauca
712 1804 838 1863 tantum
863 1800 949 1882 apud
982 1805 1158 1882 utrumque
1181 1805 1341 1864 auctorem
1374 1807 1571 1882 congruunt,

102 1910 141 1969 ut
166 1903 304 1968 dubium
328 1922 398 1969 esse
421 1906 531 1988 possit,
555 1923 635 1967 num
659 1903 786 1967 Plinius
809 1905 861 1967 hic
875 1903 1089 1986 Theophrasto
1113 1906 1182 1987 ipso
1204 1923 1283 1968 usus
1307 1906 1355 1967 sit.
1400 1903 1461 1968 Sed
1487 1925 1573 1988 quae

101 2015 243 2092 uterque
272 2007 411 2092 praebet,
445 2015 512 2072 tam
541 2007 633 2071 valde
666 2009 750 2071 inter
781 2027 815 2072 se
844 2008 1060 2088 consentiunt,
1093 2013 1130 2070 ut
1161 2008 1238 2071 haec
1260 2007 1474 2091 Theophrasto
1506 2011 1569 2092 ipsi

103 2112 225 2177 debere
251 2111 394 2176 Plinium
425 2117 548 2194 putem,
579 2118 610 2176 et
639 2131 722 2195 quae
745 2112 830 2195 apud
860 2112 1110 2194 Theophrastum
1142 2132 1206 2176 non
1234 2115 1458 2196 inveniuntur,
1493 2114 1569 2177 talia

100 2223 193 2298 sunt,
229 2235 312 2300 quae
345 2215 439 2279 lacile
476 2216 515 2279 ad
551 2235 596 2298 ea,
632 2235 715 2298 qnae
749 2235 790 2280 ex
825 2215 879 2278 illo
913 2222 1114 2299 excerpserat
1148 2217 1285 2298 Plinius,
1320 2218 1466 2281 aliunde.
1486 2218 1570 2281 adici

99 2322 276 2405 potuerint.

209 2423 247 2487 ln
271 2444 392 2508 paragr.
413 2424 476 2488 109
499 2429 672 2507 postquam
697 2423 825 2487 Plinius
848 2425 882 2485 in
905 2424 1093 2487 universum
1122 2424 1204 2487 dixit
1228 2426 1266 2488 de
1288 2423 1465 2507 arboribus
1490 2444 1575 2507 quae

100 2529 250 2591 fructum
273 2530 430 2610 amittant,
452 2529 578 2612 proprie
602 2528 729 2591 disserit
753 2528 790 2590 de
814 2529 944 2610 punica,
969 2527 1088 2591 deinde
1114 2529 1152 2592 de
1174 2530 1242 2611 piro
1265 2536 1296 2592 et
1319 2530 1498 2613 amygdala.

209 2631 339 2715 Peragr.
375 2632 436 2695 110
470 2634 574 2714 prima
610 2633 769 2694 sententia
797 2632 891 2715 plane
920 2633 1089 2715 respondet
1124 2631 1230 2695 verbis
1263 2632 1486 2715 Theophrasti,
1518 2633 1572 2695 cui

104 2739 203 2802 etiam
227 2735 359 2801 Homeri
394 2736 512 2817 locum,
544 2755 639 2819 quem
667 2736 794 2799 Plinius
826 2736 935 2816 adtert,
967 2735 1067 2800 debet.
1124 2735 1250 2800 Deinde
1280 2738 1423 2820 loquitur
1445 2736 1576 2799 Plinius

104 2842 146 2906 do
179 2841 241 2904 alia
270 2841 411 2903 nominis
444 2840 680 2923 „frugiperdia“
711 2841 989 2922 interpretatione,
1032 2861 1128 2922 quam
1160 2848 1269 2905 secuta
1299 2848 1384 2905 aetas
1415 2841 1576 2918 statuerit,

105 2944 273 3009 medicum
299 2944 461 3027 quendam
484 2963 536 3006 me
563 2944 693 3026 quidem
718 2944 826 3007 indice
848 2950 988 3007 secutus.
1024 2944 1184 3008 Secuntur
1206 2945 1363 3007 nonnulla
1388 2946 1574 3035 desemine

102 3048 225 3129 salicis,
258 3067 341 3131 quae
370 3048 456 3131 apud
478 3038 730 3130 Theophrastum
763 3066 830 3110 non
860 3048 1080 3128 inveniuntur,
1109 3053 1140 3111 et
1170 3048 1209 3112 de
1241 3049 1336 3112 salice
1368 3049 1507 3130 quadam
1537 3049 1573 3109 in

103 3152 205 3217 Creta
241 3152 348 3215 insula
382 3157 468 3232 nata,
505 3171 588 3234 quae
621 3151 744 3214 fructus
780 3151 820 3214 ad
856 3155 1069 3216 maturitatem
1104 3154 1239 3235 perferre
1273 3152 1363 3216 solita
1398 3154 1455 3233 sit,
1490 3171 1576 3234 quae

102 3256 325 3321 Schneiderus
361 3261 392 3320 et
426 3255 570 3338 Silligius
606 3274 645 3318 ex
681 3254 890 3338 Theophrasti
928 3256 998 3319 loco
1034 3257 1162 3320 laudato
1196 3257 1339 3320 Plinium
1373 3258 1407 3318 in
1443 3257 1577 3318 nomine

102 3361 231 3425 arboris
254 3358 454 3424 aberrantem
478 3365 663 3423 mutuatum
688 3378 757 3423 esse
782 3363 905 3442 putant.
963 3359 1054 3435 Quod
1079 3361 1228 3443 equidem
1251 3359 1318 3422 fieri
1342 3361 1484 3442 potuisse
1508 3379 1572 3421 non

104 3481 203 3547 nege,
226 3463 280 3527 secl
294 3465 511 3548 suspicionem
536 3465 615 3526 mihi
639 3466 767 3536 excitat,
794 3465 879 3546 quod
904 3464 1030 3527 Plinius
1054 3464 1169 3527 adiecit
1195 3470 1337 3545 „torvom
1360 3464 1574 3545 ligneumque

102 3567 334 3652 magnitudine
365 3569 507 3644 ciceris“,
548 3587 641 3649 quae,
680 3570 707 3630 si
738 3573 842 3631 cetera
872 3568 1047 3632 debeantur
1074 3568 1296 3651 Theophrasto,
1331 3568 1417 3630 unde
1447 3576 1577 3650 sumpta

103 3675 182 3753 sint,
216 3691 281 3734 non
311 3671 504 3755 intellegam.
553 3671 699 3735 Ceterum
734 3692 800 3735 non
835 3672 1023 3737 incredibile
1056 3674 1135 3735 mihi
1166 3672 1293 3735 videtur
1327 3673 1442 3735 similia
1476 3678 1576 3753 atque

103 3776 362 3858 Theophrastum
387 3776 426 3839 de
449 3771 609 3860 ,,αἷγείρῳ“
633 3776 731 3838 aliurn
757 3776 919 3858 quendam
942 3782 1103 3850 auctorem
1127 3777 1166 3839 de
1190 3775 1290 3860 ,ξιτεόρίι
1314 3777 1367 3838 illo
1398 3776 1467 3838 loco
1496 3783 1573 3838 nata

103 3880 295 3960 tradidisse,
332 3899 408 3942 nam
443 3887 526 3943 certe
565 3880 644 3942 aliae
682 3899 811 3963 quoque
845 3880 971 3944 arbores
1006 3887 1102 3963 atque
1136 3880 1247 3963 populi
1281 3880 1334 3941 illo
1370 3880 1439 3942 loco
1474 3879 1577 3943 luisse

103 3988 253 4069 possunt.

206 4076 304 4162 ,Quae
346 4106 421 4151 cum
461 4088 506 4150 ita
551 4088 631 4164 sint,
678 4090 755 4177 certi
797 4089 972 4171 quicquam
1015 4086 1206 4150 contendere
1251 4107 1315 4149 non,
1356 4088 1476 4167 audeo,
1519 4088 1575 4151 sed

108 4198 207 4276 pute,
247 4210 329 4274 quae
359 4191 444 4274 apud
476 4197 652 4274 utrumque
682 4199 876 4275 congruunt,
907 4192 1119 4274 Theophrasto
1150 4189 1274 4271 deberi,
1312 4197 1414 4254 cetera
1445 4192 1578 4254 aliunde

105 4296 235 4360 adiecta
262 4303 340 4358 esse.

214 4397 325 4463 Verba
361 4397 555 4480 „sterilitatis
589 4397 879 4462 medicamentum“
916 4399 975 4461 hoc
1015 4399 1083 4462 loco
1122 4398 1302 4480 significare
1336 4418 1402 4461 non
1437 4405 1575 4482 possunt

107 4503 221 4587 „quod
245 4502 441 4567 sterilitatem
464 4500 631 4586 impedit“,
655 4501 711 4564 sed
739 4503 848 4585 „quod
873 4503 1069 4567 sterilitatem
1093 4503 1219 4566 et'fieit.“
1275 4501 1358 4565 Nam
1381 4504 1441 4566 hoc
1463 4511 1576 4586 postu-

109 4608 196 4670 latur
227 4611 259 4670 et
282 4605 388 4670 verbis
415 4603 626 4687 Dioscoridis,
655 4624 737 4687 quae
765 4607 881 4683 adtuli,
912 4613 942 4670 et
965 4608 1095 4671 nomine
1123 4609 1192 4691 ipso
1221 4604 1445 4692 ,,ὠλεοίκαρπος,
1475 4607 1577 4690 frugi·

112 4710 256 4794 perdia“,
284 4711 306 4772 i.
332 4729 357 4774 e.
382 4729 465 4792 quae
488 4711 612 4797 frugem
636 4709 749 4792 perdit,
779 4717 811 4774 et
841 4730 950 4788 sensu,
980 4731 1053 4774 nam
1087 4712 1164 4775 alias
1195 4712 1337 4795 intellegi
1366 4731 1431 4774 non
1462 4718 1577 4794 potest,
