3188 5206
69 88 188 173 'Plinius
225 106 410 192 anigeliihrt
448 107 542 186 wird,
588 127 622 170 so
662 108 713 169 hat
752 106 958 170 Gutsclrmied
1002 109 1084 170 noch
1123 110 1173 171 ein
1213 107 1417 170 botanisches
1458 109 1517 169 333

91 210 255 297 Theophrast
292 213 492 297 geschh‘pltes
524 212 621 275 Werk
660 212 716 274 dcs'
751 211 873 296 Trogus
911 213 1091 277 annebmen
1130 213 1262 294 wellen,
1301 213 1407 275 zumal
1448 213 1516 275 sich

89 315 271 382 Bolanisches
303 319 335 379 in
368 317 428 380 den
461 316 673 400 Fragmenten
704 314 803 379 findet
837 315 974 398 (Plinius
1005 319 1164 400 nhil,
1192 317 1254 396 58).
1307 316 1412 380 Allein
1445 317 1516 380 eine

10 438 38 488 :a
85 421 163 487 1313113
203 422 445 506 Abhangiglreit
485 442 547 485 von
585 421 779 504 Theophrast
816 423 857 483 ist
897 422 1127 504 unerweisbar,
1173 423 1254 485 auch
1300 423 1343 484 ist
1381 422 1413 482 in
1454 421 1512 484 den

10 538 24 574 '1
84 527 282 611 roologischen
306 525 476 608 Schriften,
508 527 568 590 wie
592 525 777 589 Aristoteles
801 527 894 608 noigt,
927 526 1061 591 vielfach
1086 525 1293 610 Gelegenheit
1319 525 1518 605 verbanden,

10 623 33 660 ¹
82 628 266 696 botanisches
298 652 340 694 zu
370 629 540 694 beriihren.
597 629 721 694 Sonach
756 630 834 712 liegt
863 629 956 694 hcine
987 631 1154 716 Niitigung
1188 650 1263 711 vor,
1298 649 1409 693 ausser
1443 630 1513 692 dern

10 796 20 817 p
66 724 625 820 Ι131333131133313313311331131113
658 734 712 798 des
734 733 856 817 Trogus
888 736 972 798 noch
995 737 1047 799 ein
1071 735 1289 819 unbezeugtes
1312 735 1514 799 botanisches

10 884 31 917 2,
63 844 253 905 anrusetzen
285 839 449 924 (Sprengcl
480 837 539 902 Rh.
564 837 606 901 M.
631 840 684 919 4o,
716 839 799 918 5711ι
846 837 1006 921 Equidem
1040 841 1227 921 haedere,
1256 841 1377 923 Trogus
1408 844 1514 902 ntrurn

11 969 30 1004 ε
77 941 107 1007 13
133 944 249 1028 plantis
285 946 446 1029 scripserit
480 962 600 1025 necne,
631 945 716 1007 'certi
758 944 931 1026 quicquam
972 945 1161 1008 contendere
1199 965 1263 1008 non
1298 945 1418 1026 auden,
1459 945 1512 1008 sed

77 1065 123 1113 cur
149 1047 394 1114 Gutschmidius
428 1068 470 1114 ex
503 1048 523 1110 l.
552 1049 572 1113 l.
599 1048 697 1111 Plinii
733 1047 930 1111 concludent
959 1047 1096 1131 Trogum
1134 1051 1171 1112 de
1202 1051 1320 1133 plantis
1351 1051 1515 1133 scripsisse

10 1198 29 1239 :r
73 1154 288 1219 secundum
319 1153 647 1238 Theophastum,
676 1152 762 1214 haud
791 1152 949 1236 intellege.
1002 1155 1085 1217 Nam
1113 1155 1166 1217 illo
1189 1155 1257 1218 loco
1282 1155 1406 1217 Plinius
1438 1153 1515 1216 haec

10 1248 23 1327 ἶ,
70 1254 152 1323 dicit:
178 1279 276 1342 „nam
299 1258 375 1322 folia
397 1259 574 1343 palmarum
599 1257 684 1339 apud
702 1255 896 1337 Babylonios
920 1259 980 1320 3311
1005 1261 1101 1340 atque
1122 1261 1165 1322 ita
1182 1259 1324 1324 arborem
1347 1259 1514 1342 provenire

10 1404 29 1447 Ξ
73 1356 199 1448 hugum
224 1363 398 1428 credidisse
421 1362 587 1444 demiror‘t,
616 1361 671 1425 sed
696 1361 780 1444 apud
803 1360 1053 1444 Theophrastum
1084 1363 1211 1426 nullum
1234 1364 1340 1426 locum
1373 1364 1518 1426 invenire

10 1506 16 1517 ·
75 1471 164 1549 potui,
180 1468 237 1532 ubi
254 1469 338 1532 dicta
353 1472 459 1532 assent
473 1467 599 1550 palmae
615 1465 689 1528 folia
706 1465 792 1547 apud
806 1465 1000 1546 Babylonios
1017 1468 1098 1546 seri,
1117 1469 1212 1530 immo
1226 1468 1344 1530 dicitur
1359 1466 1414 1549 (il,
1432 1467 1463 1548 2,
1479 1467 1517 1530 2ε

10 1607 16 1646 3
74 1564 107 1634 ἔτι
130 1570 161 1635 δὲ
189 1570 239 1636 καὶ
269 1573 368 1657 φοῖνιξ,
399 1570 474 1654 πλὴν
506 1571 531 1634 εἰ
561 1565 619 1655 ἄρα
643 1570 672 1632 ἐν
697 1568 848 1653 Βαβυλῶνι
878 1566 926 1632 aab
958 1567 1017 1633 ἀπὸ
1049 1576 1102 1633 τῶν
1130 1570 1246 1657 ῥάβδων
1277 1568 1315 1642 ὥς
1346 1569 1417 1657 φασί
1446 1595 1518 1642 τινες

76 1675 186 1755 pulbere
216 1677 369 1762 (paleriam,
395 1674 584 1762 μοσχεύεινῖ)
616 1672 693 1751 ,ἀπὸ
717 1678 770 1736 τῶν
794 1672 929 1759 ράβὸωνί(
959 1676 979 1737 i.
1004 1694 1029 1738 e.
1059 1695 1095 1757 „e
1125 1677 1241 1759 111813α
1272 1677 1378 1759 palma
1400 1678 1516 1739 enasci.

10 1828 25 1868 ,3
77 1775 132 1846 llisi
153 1784 254 1867 igitur
276 1782 407 1845 fortasse
431 1781 492 1844 alio
513 1779 719 1862 Theophrasti
742 1780 820 1860 loco,
845 1781 901 1861 qui
927 1798 976 1842 me
999 1779 1094 1862 fugit,
1118 1781 1177 1843 hoc
1202 1781 1324 1844 dictum
1347 1786 1395 1845 est
1418 1781 1515 1863 (quod

78 1902 128 1950 non
161 1887 277 1968 credo),
311 1886 372 1949 hoc
400 1904 441 1950 ex
470 1886 538 1948 loco
569 1884 667 1946 Plinii
701 1883 849 1947 concludi
886 1903 948 1946 non
978 1889 1081 1967 potest
1112 1884 1251 1969 Trogum
1285 1885 1517 1950 secundum

75 1985 390 2075 Theophrastum
415 1991 453 2053 de
476 1989 594 2071 plantis
617 1989 789 2070 scripsisse.
837 1988 916 2050 Mihi
939 1991 1046 2071 potius
1070 2009 1112 2052 ex
1135 1996 1263 2055 auctore
1282 1990 1431 2074 quodam,
1457 1992 1514 2073 qui

72 2093 103 2158 de
130 2098 221 2159 terris
248 2095 424 2178 peregrinis
456 2093 614 2157 mirabiles
636 2112 686 2157 res
710 2093 1026 2156 311313331131333
1050 2094 1240 2178 conlegerat,
1272 2096 1350 2158 haec
1379 2094 1513 2157 fluxisse

72 2200 222 2265 ridentur.
246 2236 286 2246 —
318 2197 407 2273 Quae
436 2216 510 2260 cum
534 2199 578 2260 ita
601 2200 675 2279 sint,
705 2204 826 2261 certum
850 2202 1023 2276 auctorem,
1048 2218 1143 2280 quem
1167 2199 1301 2280 Plinius,
1333 2201 1394 2262 nisi
1418 2197 1517 2262 Theo-

66 2303 227 2387 phrastum
260 2302 450 2381 adhibuerit,
479 2302 513 2363 in
545 2300 635 2364 libris
666 2302 704 2365 dc
734 2304 851 2384 plantis
881 2303 1109 2385 componendis
1134 2308 1262 2367 secutus
1286 2307 1337 2386 sit,
1367 2304 1515 2387 equidem
1544 2349 1545 2353 ,

63 2407 199 2492 proferre
221 2426 286 2470 non
311 2426 453 2491 possum.
498 2404 587 2466 Nihil
603 2405 690 2467 aliud
705 2407 805 2490 igitur
821 2407 970 2470 contendi
987 2409 1087 2490 possit
1103 2410 1166 2471 nisi
1187 2409 1327 2474 Plinium
1351 2416 1513 2473 auctorem

62 2511 223 2595 quendam
256 2512 306 2575 vel
329 2509 480 2573 Latinum
509 2509 559 2572 131
588 2508 744 2574 Graecum
775 2510 969 2593 adhibuisse,
1001 2513 1068 2594 qui,
1101 2531 1175 2576 cum
1207 2515 1274 2597 ipse
1304 2515 1517 2598 Theophrasto

60 2636 143 2681 usus
165 2621 259 2698 esset,
283 2615 385 2679 multa
407 2615 475 2698 ipse
498 2614 673 2679 adiecisset.

165 2720 229 2786 Sed
252 2719 402 2785 Latinum
431 2725 592 2783 auctorem
616 2719 1121 2806 133313133313113133113133,
1155 2723 1240 2804 quod
1264 2725 1349 2805 apud
1375 2724 1514 2786 Plinium

10 2862 13 2909 ;
59 2842 185 2891 3113133
206 2825 359 2909 permulti
381 2823 603 2904 inveniuntur,
629 2824 685 2905 qui
709 2824 797 2887 nulla
820 2825 881 2888 3113
904 2846 937 2890 13
962 2830 1021 2891 3111
1043 2847 1111 2891 3333
1129 2833 1262 2910 possunt
1279 2828 1340 2890 nisi
1357 2846 1403 2908 eo,
1428 2827 1513 2908 quod

10 2942 13 3009 j
61 2929 273 3014 Theophrasti
296 2928 404 3009 verba,
436 2947 510 2990 cum
533 2904 738 3010 neglegenter
759 2929 950 3014 legerentur,
981 2931 1059 2995 falso
1083 2933 1241 2996 intellecta
1265 2936 1349 2994 sunt.
1397 2929 1441 2993 Hi
1465 2929 1516 2992 alii

10 3018 15 3135 'i
61 3035 199 3117 auctori,
228 3036 285 3118 qui
315 3033 411 3117 paulo
433 3033 564 3116 peritior
587 3037 654 3095 erat
676 3052 783 3097 rerum
807 3037 1002 3099 naturalium
1028 3057 1126 3119 quam
1150 3037 1276 3099 Plinius
1308 3037 1429 3118 quique
1453 3055 1517 3096 non

54 3144 130 3207 -tam
152 3139 299 3203 festinate
323 3138 419 3201 libros
444 3139 632 3222 composuit,
663 3139 814 3222 imputari
846 3160 909 3202 non
941 3147 1087 3224 possunt,
1116 3142 1201 3225 apud
1226 3142 1368 3204 Plinium
1400 3144 1518 3219 autem,

10 3288 15 3325 ;
61 3245 121 3331 qui
145 3258 187 3308 ex
208 3242 307 3325 libris,
335 3263 400 3306 non
434 3263 475 3306 ex
504 3241 601 3307 rebus
632 3244 783 3307 scientias
811 3245 961 3327 hauserit,
995 3247 1115 3328 quique
1145 3247 1333 3329 plerumque
1363 3263 1427 3306 non
1452 3245 1519 3327 ipse

10 3332 15 3387 Ῑ
60 3350 188 3435 legerit,
210 3348 266 3411 sed
289 3367 398 3411 servos
421 3347 578 3430 habuerit,
602 3348 658 3429 qui
682 3367 778 3431 snper
800 3368 923 3431 cenam,
948 3351 981 3412 in
1007 3352 1117 3414 itinere
1140 3351 1309 3414 recitarent
1333 3354 1364 3413 et
1390 3348 1518 3432 quidem

10 3440 19 3477 ¹
61 3453 204 3536 cursim,
230 3457 268 3517 31
296 3452 374 3515 dicit
396 3450 522 3516 Plinius
552 3454 657 3515 minor
690 3450 1022 3536 (3331111313
1061 3455 1183 3539 „Super
1205 3456 1287 3517 hanc
1318 3453 1521 3535 (scaenam)

66 3558 151 3623 llber
184 3555 348 3641 legebatur
381 3558 657 3641 adnotabaturque
691 3563 722 3620 et
756 3557 887 3640 quidem
923 3560 1088 3642 cursim‘¹),
1126 3565 1156 3623 31
1194 3559 1371 3622 secundum
1410 3577 1519 3621 eorum

64 3663 279 3745 recitationes,
313 3681 395 3746 quae
419 3663 552 3726 scientia
575 3662 671 3745 digna
695 3661 897 3745 videbantur,
930 3664 1138 3746 adnotaverit,
1169 3669 1200 3727 et
1229 3683 1268 3727 ne
1297 3665 1356 3726 hoc
1388 3663 1516 3745 quidem

64 3783 192 3852 semper
219 3769 288 3851 ipsc
318 3768 443 3853 fecerit,
476 3769 531 3831 sed
566 3787 623 3851 per
653 3787 781 3832 servum
804 3767 897 3849 (Plin.
922 3769 997 3831 min.
1022 3770 1040 3834 1,
1064 3769 1082 3831 l.
1108 3767 1167 3832 15:
1198 3770 1249 3850 „in
1278 3770 1391 3832 itinere
1427 3769 1518 3850 quasi

65 3872 193 3945 solutus
236 3874 348 3937 ceteris
384 3873 469 3936 curis
503 3872 578 3935 huic
612 3873 671 3936 uni
705 3871 852 3955 vacabat,
892 3873 931 3935 ad
966 3871 1050 3936 latus
1086 3875 1229 3937 notarius
1265 3892 1338 3936 cum
1372 3871 1452 3934 libro
1488 3879 1519 3934 et

65 3976 292 4063 pugillaribus,
322 3979 416 4042 33133
445 3996 560 4040 133333
591 3977 694 4041 hieme
724 3979 860 4043 manicis
893 3978 1128 4060 muniebantur,
1162 3984 1260 4041 utne
1284 3978 1363 4040 caeli
1388 3976 1517 4058 quidem

65 4083 220 4166 asperitas
246 4082 349 4146 ullum
372 4083 831 4166 3111111313313333113313111),
855 4083 934 4146 tales
957 4084 1166 4146 inveniantur
1187 4101 1289 4165 paene
1312 4100 1441 4145 necesse
1466 4087 1521 4145 est.

10 4224 15 4233 ·
65 4186 130 4253 Sed
155 4187 238 4251 dicat
263 4187 380 4271 aliquis
402 4190 460 4252 hos
484 4187 558 4251 oriri
580 4187 724 4271 potuisse
746 4186 950 4270 etiamtunc,
974 4189 1000 4250 si
1016 4208 1082 4250 non
1097 4187 1341 4270 Theophrastus,
1365 4186 1419 4249 sed
1440 4186 1522 4248 alius

10 4362 13 4373 ,
68 4292 202 4379 quidam
226 4297 336 4356 auctor
358 4292 472 4358 fuisset
495 4292 602 4356 Plinii.
649 4291 712 4356 Sed
742 4293 830 4355 hunc
853 4288 1005 4355 Latinum
1035 4312 1098 4354 non
1127 4292 1228 4354 fnisse
1259 4291 1387 4375 adparet
1409 4309 1451 4353 er
1474 4309 1523 4370 ec,

10 4412 14 4441 ¹
67 4398 157 4483 quod
180 4397 273 4461 multi
298 4415 417 4462 errores
440 4398 518 4462 13133
541 4401 629 4480 sunt,
653 4397 709 4481 qui
731 4400 811 4460 tnnc
833 4397 938 4479 mode,
962 4398 989 4459 si
1006 4396 1145 4460 Graecus
1169 4401 1278 4459 auctor
1301 4394 1522 4476 adhibebatur,

10 4482 14 4531 .·
63 4504 142 4569 oriri
167 4504 337 4586 potuerint.
384 4504 534 4568 Adferam
558 4503 762 4587 praecipuos:

1323 4653 1340 4690 'l
