3188 5206
731 152 769 216 51

128 357 217 434 Quae
240 360 275 423 iu
298 379 420 443 paragr.
437 359 500 423 123
524 359 713 424 adferuntur
735 360 847 424 abietis
870 362 1007 444 propria,
1029 361 1241 445 Theophrasto
1265 362 1372 428 deberi
1388 372 1477 449 puto,

12 464 78 528 sed
107 464 242 527 confusa
258 472 344 527 sunt.
380 462 461 527 (lum
478 465 563 528 enirn
579 466 666 547 prior
679 464 887 546 Theophrasti
911 467 1068 529 sententia
1083 468 1239 548 pertineat
1254 466 1294 530 ad
1313 469 1479 534 caudicem

13 567 247 651 significetque
277 576 396 632 ceteras
427 567 556 632 arbores
586 568 719 632 caudice
749 567 856 632 deciso
889 570 1113 651 regerminare,
1143 572 1206 633 nisi
1235 572 1358 636 radices
1386 579 1480 639 antea

14 673 127 736 laesae
149 673 226 754 sint,
256 673 387 737 laricem
415 678 521 736 auteur
552 678 584 737 et
606 672 742 736 abietem
765 679 846 736 totas
867 674 1022 736 radicitus
1050 674 1160 738 eodem
1184 694 1268 737 anno
1292 677 1479 760 inarescere,

14 777 120 840 etiam
141 782 232 858 tunc,
255 777 283 840 si
307 795 460 840 cacumen
478 782 604 840 tantum
627 775 683 858 (sc.
696 776 849 856 caudiois)
873 779 1015 860 praecisa
1031 779 1082 858 sit,
1105 778 1232 842 Plinius
1248 780 1331 843 hanc
1349 801 1480 864 quoque

13 887 56 944 ut
80 881 213 944 alteram
235 881 277 944 ad
297 900 403 944 ramos
424 881 589 944 transtulit
612 885 642 944 11
665 880 742 943 huic
766 899 898 964 quoque
920 887 956 946 ut
979 882 1068 945 alteri
1091 884 1268 946 sententiae
1284 884 1478 950 divisionem

13 985 143 1067 intulit,
180 986 225 1049 sio
256 990 293 1049 ut
321 985 405 1048 dicat
434 983 678 1066 „cacuminibus
709 984 824 1049 decisis
855 987 1000 1072 moritur,
1029 989 1103 1049 totis
1135 986 1331 1052 detruncatis
1355 990 1479 1072 durat“,

15 1108 95 1152 curn
128 1108 180 1153 me
209 1089 340 1172 quidem
377 1089 484 1153 iudice
510 1088 700 1171 particulam
732 1084 818 1164 ,,καὶ“
847 1095 920 1171 post
949 1086 1154 1164 ,,1ιόαίνονται“
1189 1091 1345 1157 omitteret
1375 1099 1407 1158 et
1433 1096 1479 1157 sic

13 1193 139 1278 legeret
162 1193 275 1277 ,1111111
299 1191 331 1256 δὲ
353 1191 403 1256 καὶ
419 1190 510 1274 ἐλάτη
526 1188 646 1262 τελείως
749 1189 925 1269 adalman,
950 1192 1001 1256 ἐὰν
1021 1192 1054 1256 τὸ
1078 1189 1165 1279 ἄκρον
1186 1196 1339 1281 ἐπικοπῇιί,
1364 1197 1480 1262 deinde

17 1298 192 1382 suppleret
222 1298 521 1361 1111111111111111
554 1295 681 1360 arbores
715 1296 837 1360 durare.
894 1295 983 1372 Quae
1017 1297 1131 1362 deinde
1166 1299 1292 1363 Plinius
1329 1300 1406 1364 dicit
1440 1302 1479 1365 de

18 1402 191 1467 arboribus
222 1401 261 1464 ab
290 1402 397 1466 radice
427 1399 616 1464 bracchiatis
645 1406 675 1463 et
708 1400 747 1464 de
769 1399 936 1464 arboribus
959 1402 993 1462 in
1017 1405 1184 1466 cacumine
1212 1405 1356 1485 ramosiS,
1393 1406 1480 1488 apud

17 1506 273 1590 Theophrastum
297 1525 461 1588 nusquam
483 1505 705 1567 inveniuntur.

125 1609 152 1673 E
186 1629 308 1693 paragr.
343 1610 406 1674 124
438 1608 528 1671 111111
556 1608 618 1670 alia
650 1608 714 1670 nisi
749 1612 894 1672 extrema
923 1610 1080 1672 sententia
1116 1609 1156 1673 de
1190 1612 1287 1674 ramis
1322 1612 1478 1676 malorum

11 1714 234 1799 Theophrasto
258 1713 366 1778 deberi
387 1721 533 1797 possunt.

126 1816 216 1894 Quae
244 1827 318 1881 cum
347 1818 391 1880 ita
422 1818 497 1896 sint,
531 1835 581 1879 res
609 1816 671 1878 hoo
695 1815 794 1893 ,modo
825 1833 859 1878 se
893 1814 1009 1879 habere
1041 1822 1130 1899 puto,
1163 1824 1200 1881 ut
1231 1818 1369 1900 Plinius,
1403 1839 1478 1883 oum

12 1918 158 1986 vidisset
179 1921 429 2005 Theophrastum
454 1921 493 1985 do
516 1921 574 1982 hac
596 1939 630 1983 re
657 1921 855 1983 accuratiora
877 1939 942 1982 non
965 1920 1096 2001 tradere,
1123 1924 1308 2005 praesertim
1331 1925 1478 2006 exempla

12 2045 84 2090 non
109 2026 241 2108 adferre,
271 2027 371 2089 alium
401 2031 563 2089 auctorem
594 2023 775 2088 adhibuerit
805 2029 836 2087 et
867 2023 954 2087 huno
982 2043 1039 2108 per
1068 2029 1166 2088 totam
1193 2026 1276 2090 hanc
1299 2028 1403 2111 operis
1427 2029 1476 2091 sui

14 2136 147 2215 partem
167 2135 297 2194 secutus
321 2130 378 2205 sit;
401 2129 614 2212 Theophrasto
638 2132 746 2191 autem
770 2126 892 2208 debeat,
917 2130 1055 2211 quaein
1079 2148 1203 2212 paragr.
1226 2131 1288 2194 123
1312 2132 1351 2196 de
1373 2130 1477 2195 abiete

15 2235 109 2299 dicit.
156 2233 303 2333 Fortasse
333 2235 428 2297 etiam
451 2240 627 2298 extremam
650 2252 769 2316 paragr.
797 2231 859 2295 124
887 2233 1079 2296 sententiam
1103 2251 1145 2296 ex
1166 2232 1379 2317 Theophrasto
1407 2237 1477 2319 ipso

15 2343 190 2415 mutuatus
221 2343 277 2417 est,
307 2357 382 2401 nam
408 2340 503 2422 plane
533 2339 616 2400 inter
646 2355 681 2399 se
710 2337 915 2400 consentiunt
945 2336 1042 2400 verba
1072 2339 1251 2421 utriusque,
1283 2343 1314 2403 et
1338 2341 1477 2422 quaein

21 2462 146 2527 paragr.
175 2441 238 2506 125
260 2441 388 2505 Plinius
410 2446 528 2522 narrat,
551 2459 681 2524 prorsus
696 2440 890 2523 respondent
901 2426 1247 2524 Theophrasti'verbis,
1272 2463 1354 2526 quae
1371 2444 1476 2506 statim

19 2549 56 2610 iu
80 2546 192 2612 eadem
216 2545 412 2629 paragrapho
435 2550 599 2626 secuntur,
622 2550 659 2607 ut
680 2544 756 2607 inde
780 2563 817 2606 ea
840 2551 967 2627 sumpta
991 2563 1060 2607 esse
1083 2544 1240 2627 adpareat.

88 2666 111 2735 I,
136 2671 162 2733 8,
187 2671 213 2724 4.
259 2663 334 2720 Elui
360 2666 394 2720 δὲ
420 2670 479 2719 τῶν
505 2660 587 2726 ὄζων
613 2665 643 2718 oi
668 2666 725 2736 μὲν
849 2666 864 2733 ξ
892 2668 950 2723 125,
1004 2664 1183 2720 Remorum
1218 2665 1332 2734 aliqui
1369 2666 1481 2734 caeci,

19 2757 152 2831 τυφλοὶ,
183 2755 207 2808 οἱ
234 2755 262 2808 δὲ
288 2749 396 2825 μόνιμοι.
449 2749 525 2823 Λέγω
552 2752 580 2805 δὲ
606 2749 726 2824 τυφλοὺς,
780 2751 839 2819 qui
858 2768 922 2806 non
941 2753 1150 2820 germinant,
1176 2754 1264 2822 quod
1283 2753 1481 2822 naturaiit,

23 2839 73 2917 ἀφ’
92 2838 132 2897 ὧν
160 2843 280 2916 μηδεὶς
308 2836 460 2912 βλαστός.
504 2833 583 2892 Οὗτοι
616 2838 644 2891 δὲ
671 2839 728 2891 καὶ
781 2839 811 2892 si
838 2856 904 2894 non
931 2840 1109 2908 evaluere,
1139 2842 1186 2894 aut
1213 2857 1304 2908 poena,
1334 2856 1396 2894 oum
1425 2840 1482 2893 de·

25 2927 116 3004 piosa
139 2931 186 2984 aad
210 2925 502 3002 πηρώσειγίνοντοιι·
531 2920 548 2996 ἢ
577 2919 655 2978 ὅταν
684 2923 727 2996 μὴ
780 2929 921 2995 putatos
939 2927 1303 2982 cicatrixhebetavit.

27 3017 105 3092 λυθῇ
137 3020 195 3072 καὶ
224 3014 448 3088 iudiciariam,
474 3006 502 3084 ἢ
534 3009 612 3065 ὅταν
647 3007 727 3064 ἀπο-

31 3108 110 3179 κοπῇ
128 3106 185 3158 καὶ
204 3104 275 3158 οἷον
295 3099 490 3159 &cannabeis
509 3098 657 3172 πηρωθῇ.

92 3197 117 3250 5.
147 3188 285 3267 Ὡςγὰρ
311 3184 419 3251 bido<
442 3188 475 3250 ἐν
500 3192 572 3246 τοῖς
598 3179 726 3247 ἄλλοις,
850 3202 934 3254 quae
970 3186 1134 3240 dividuis
1169 3187 1204 3240 in
1239 3202 1328 3240 ramo
1359 3188 1483 3240 111111

10 3272 110 3333 οὕτω
126 3280 184 3333 καὶ
202 3274 378 3351 ὀφθαλμὸς
402 3276 435 3329 ἐν
455 3271 594 3346 ἀμπέλῳ
620 3274 676 3327 καὶ
695 3273 726 3326 ἐν
780 3276 847 3340 111,
865 3273 949 3326 haee
967 3273 1037 3326 viti
1056 3273 1090 3326 in
1109 3273 1223 3340 oculo,
1242 3273 1432 3327 harundini
1447 3272 1483 3326 in

39 3364 164 3441 καλάμῳ
182 3362 273 3438 quinos
779 3359 950 3428 geniculo.

96 3451 163 3507 Haec
182 3467 235 3506 non
253 3451 361 3504 1111111
378 3447 449 3516 apud
467 3446 686 3515 Theophrastum.
852 3447 971 3501 omnium
989 3447 1074 3499 terrae
1092 3462 1222 3514 proxuma
1241 3445 1378 3499 crassiora.

98 3536 157 3606 hd,
176 3544 201 3596 l.
232 3533 325 3591 Ἔστι
345 3539 391 3608 μὲν
411 3530 455 3589 οὖν
473 3533 513 3589 τὰ
532 3538 589 3607 μὲν
603 3535 649 3595 εἰς
666 3538 727 3606 μῆ·
849 3530 1366 3602 iniungitudinemexoresount
1381 3531 1482 3598 abice,

20 3641 89 3684 ,111
105 3623 265 3699 aitqua&
284 3609 526 3696 μάλισταῆμόνοι,
546 3618 728 3692 οἶονέλοίτη,
780 3620 859 3688 larix,
886 3621 1010 3688 palma,
1037 3635 1242 3687 cupressea,
1272 3617 1363 3671 ulmus
1390 3620 1423 3670 et
1452 3617 1482 3670 si

10 3754 13 3761 .
47 3713 147 3780 φοῖνιξ,
171 3708 393 3786 κυπάριττος,
420 3711 477 3764 καὶ
501 3705 585 3769 ὅλως
609 3707 647 3762 τὰ
671 3728 729 3779 μο-
782 3707 1063 3776 quaunistirpia.

10 3784 20 3877 1.
47 3801 219 3876 11111λέχη.

97 3883 157 3953 ib,
176 3892 200 3944 1.
231 3880 308 3940 Ἔστι
332 3882 364 3957 δὴ
388 3882 486 3956 τὰμὲν
507 3879 660 3956 ὀρθοφυῆ
685 3883 729 3935 καὶ

49 3975 285 4048 μιικμοστελέχη
320 3967 440 4047 κομθάπεμ
476 3968 570 4042 ἐλάτη,
607 3966 728 4040 πεύκη,

20 4096 24 4103 .
49 4056 187 4133 κυπάριττος.

98 4144 143 4214 Ill,
171 4151 213 4216 13,
239 4152 263 4204 1.
302 4141 380 4200 Ἰδιον
408 4146 437 4200 δὲ
463 4149 496 4218 τῇ
521 4141 595 4217 φύσει
624 4142 727 4214 δένδρον
850 4153 1061 4192 ramosarum
1085 4153 1230 4192 cerasus
1252 4136 1357 4190 etiarn
1381 4137 1411 4190 iu
1432 4134 1484 4188 XL

50 4221 202 4308 ὃκέροιοός
227 4235 288 4299 ἐστι,
313 4232 417 4306 μεγέθει
443 4234 489 4303 μὲν
509 4234 588 4303 μέγα·
612 4227 727 4301 καὶγὰρ
781 4226 933 4280 cubitorum
961 4225 1045 4278 trabis
1071 4222 1176 4292 aequali
1200 4239 1247 4290 per
1270 4224 1357 4277 totum
1382 4222 1484 4275 duum

50 4315 76 4376 111
95 4323 212 4396 τέσσαρας
238 4322 284 4375 καὶ
311 4321 392 4375 εἴκοσι
419 4315 513 4393 πήχεις
540 4312 656 4376 αὔξεται·
691 4316 728 4369 ἔτι
781 4313 982 4366 cubitorum
1000 4310 1242 4365 crassitudine
1261 4309 1401 4377 reperitur.

27 4392 188 4483 lotaque
206 4406 321 4482 σφόδρα·
345 4403 432 4481 πάχος
457 4407 492 4469 δὲ,
518 4399 582 4458 ὥστε
606 4404 664 4456 καὶ
682 4403 729 4455 δί-

50 4504 133 4568 πηχυν
164 4493 224 4568 τὴν
252 4492 457 4568 περίμετρον
491 4488 543 4545 ἀπὸ
575 4495 622 4562 τῆς
658 4491 729 4562 ῥίζης

50 4571 128 4635 leia.

63 4595 118 4734 χΙ,
142 4673 168 4736 9,
197 4672 220 4726 1.
269 4659 530 4724 ’211δέ1111
558 4664 728 4738 σχίζεται,
852 4658 1016 4728 quaedam
1044 4656 1164 4710 statim
1190 4656 1226 4709 in
1252 4670 1361 4708 ramos
1387 4669 1484 4722 spar-

48 4748 100 4806 οἷον
116 4751 134 4827 ἠ
151 4755 267 4828 μηλέοι.
782 4750 926 4815 guntur,
944 4745 982 4796 ut
999 4743 1088 4796 mali.

1250 4880 1279 4922 40
