3292 5436
204 339 278 395 Haec
297 356 349 394 non
367 341 473 395 exstant
491 338 562 408 apud
581 337 800 406 Theophrastum.

201 684 261 752 *1,
280 691 304 752 7,
323 690 350 742 2ο
395 684 475 746 δόξειε
501 686 529 739 δὲ
557 682 590 745 ὼς
619 685 698 739 είπεῐν
726 681 746 756 ἡ
770 690 835 756 συκῆ

133 773 370 847 μακρορριζότατον
390 771 463 826 εἶναι.

200 858 249 927 IV,
270 863 311 925 13,
329 861 355 914 2.
398 855 527 932 βραχύβια
552 859 579 912 δὲ
603 859 648 911 καὶ
671 855 705 911 τὰ
729 861 837 911 τοιαῦτα

131 941 349 1018 ὁμολογουμένως
368 944 426 1018 ῥοιὰ
445 950 511 1017 συκῆ
530 946 624 1017 μηλέα.

204 1030 238 1064 **
263 1030 286 1098 Ι,
311 1036 335 1098 7,
360 1034 385 1088 2.
427 1028 512 1085 πάντα
540 1032 567 1086 δὲ
593 1029 627 1084 τὰ
653 1028 765 1104 νεώτερα
788 1035 838 1085 τῶν

134 1119 250 1172 παλαιῶν
276 1116 319 1171 ἐὰν
340 1118 375 1177 είς
395 1113 481 1191 ἀκμὴν
500 1113 598 1190 ἥκωσιν
617 1113 669 1190 ἤδη
689 1113 839 1190 βαδορριζύ·

131 1224 195 1278 τερα
218 1207 263 1258 καὶ
282 1202 511 1279 μακρορριζότερα.
543 1202 712 1278 συμφθίνουσι
729 1202 777 1276 γὰρ
795 1205 840 1257 καὶ

131 1292 158 1344 αἱ
177 1293 244 1362 ῥίζαι
265 1297 303 1363 rip
320 1287 391 1364 άλλιρ
412 1288 518 1363 σώματι.
548 1296 551 1301 ’

961 336 977 403 ξ
997 340 1055 394 130.
1093 335 1266 400 Quarundam
1278 335 1355 389 radix
1367 333 1496 388 vivacior
1508 347 1601 400 super-

890 424 959 491 ficie,
987 427 1018 476 ut
1042 423 1119 477 lauri.
1164 422 1255 490 itaque
1279 438 1344 477 cum
1366 425 1466 474 bucco
1492 419 1600 485 inaruit,

889 510 976 565 recisa
993 509 1074 563 etiam
1092 508 1189 563 laetius
1206 508 1323 563 fruticat.
1364 509 1487 575 Quidam
1511 506 1600 560 brevi-1

889 599 943 650 tate
951 597 1073 650 radicum
1089 595 1204 650 celerius
1220 611 1358 649 senescere
1374 595 1486 650 arbores
1496 595 1594 662 putant,
1637 588 1639 623 ³

890 683 961 752 quod
988 684 1135 751 coarguunt
1157 681 1240 749 fici*
1269 698 1383 750 quarum
1406 681 1516 736 radices
1542 679 1600 734 lon*

891 769 1020 837 gissimae
1044 772 1072 822 ct
1090 771 1215 823 senectus
1233 769 1370 824 ocissima.
1416 768 1531 824 Talaum
1558 784 1600 820 ar-

891 855 974 909 bitror
1008 858 1036 909 et
1071 857 1142 923 quod
1172 855 1257 925 aliqui
1293 855 1449 925 prodidere,
1496 855 1600 909 radicos-

889 941 1014 995 arborum
1031 943 1166 996 vetustate
1190 942 1286 996 minui.
1299 941 1334 975 **
1370 943 1432 997 visa
1459 943 1536 997 euim
1558 944 1597 995 est
1637 950 1639 957 '

890 1043 990 1082 annosa
1013 1043 1128 1095 quercus
1151 1044 1244 1083 eversa
1268 1030 1439 1098 tempestatis
1460 1029 1492 1083 vi
1511 1032 1539 1085 et
1555 1030 1597 1083 iu·

891 1130 985 1183 gerum
1004 1114 1054 1169 soli
1073 1114 1202 1183 amplexa.
1255 1174 1256 1181 ,

243 1396 349 1461 Verba
372 1397 448 1460 inde
471 1417 490 1459 a
514 1415 688 1479 „maxuma
706 1396 807 1478 spatio
824 1400 919 1477 atque
934 1394 1155 1478 plenitudine“
1178 1394 1389 1479 Theophrasto
1409 1397 1475 1479 ipsi
1493 1396 1599 1462 deberi·

131 1519 198 1563 non
222 1506 308 1583 puto.
357 1500 441 1565 Nam
465 1519 539 1563 cum
563 1519 664 1583 pauca
688 1504 814 1564 tantum
838 1504 1016 1582 congruant
1038 1505 1069 1563 et
1084 1518 1125 1562 ne
1141 1499 1218 1563 haec
1242 1498 1374 1583 quidem
1392 1499 1600 1583 verbotenus,

133 1603 205 1684 alia,
237 1624 320 1685 quae
342 1604 470 1667 Plinius
495 1604 634 1686 praebet,
665 1603 751 1687 apud
773 1604 1026 1687 Theophrastum
1050 1603 1180 1665 omnino
1203 1622 1268 1666 nou
1292 1608 1431 1685 exstant,
1455 1605 1532 1670 aliis
1554 1625 1598 1680 ea,

134 1727 217 1790 quae
238 1707 472 1791 Theophrastus
495 1707 670 1788 contendit,
695 1706 836 1771 refellere
860 1712 993 1770 conatur

995 1758 1001 1771 .
1047 1705 1150 1781 Quare
1173 1707 1310 1771 dubium
1332 1727 1399 1771 nou
1423 1727 1498 1773 esse
1521 1709 1598 1772 mihi

131 1812 267 1893 ridetur,
290 1813 369 1895 quin
391 1814 470 1876 haec
492 1832 534 1877 ex
557 1812 618 1874 alio
641 1811 780 1895 quodam
804 1816 932 1874 auctore
954 1817 1083 1894 sumpta
1105 1812 1178 1874 sint.

201 1930 249 1998 IV,
275 1936 315 1996 16,
339 1935 363 1987 2.
402 1929 448 1985 Τὰ
476 1933 510 1986 δὲ
537 1933 582 1985 καὶ
609 1931 748 2002 πελέκησιν
776 1926 839 1984 *irro-

133 2018 204 2089 μένει
228 2020 273 2072 καὶ
297 2015 364 2092 ὀρθὰ
381 2021 426 2073 καὶ
443 2014 592 2072 πεσόντα
616 2014 666 2071 ὑπὸ
684 2015 839 2088 πνεύματος,

133 2098 198 2158 ὥστε
234 2102 334 2160 πάλιν
373 2103 578 2160 ἀνίστασθαι
613 2105 670 2158 καὶ
707 2106 764 2175 ζῆν
796 2106 841 2157 καὶ

132 2192 293 2262 βλαστάνειν,
318 2192 370 2245 οἷον
393 2193 449 2246 ίτέα
473 2193 518 2244 καί
536 2187 714 2250 πλάτανος.
755 2185 839 2264 Ὅπερ

134 2280 260 2350 συνέβη
279 2273 577 2351 καὶένἈντάνδριρ
596 2279 641 2331 καὶ
653 2278 679 2332 ἐν
691 2275 839 2336 Φιλίπποις·

133 2362 295 2437 ἐκπεσούσης
319 2363 367 2438 γὰρ
387 2361 420 2425 ὡς
440 2361 616 2438 ἀπέκοψαν
640 2362 717 2423 τούς
743 2359 839 2436 άκρε-

133 2448 239 2522 μόνας
266 2455 310 2506 καὶ
335 2453 509 2526 έπελέκησαν,
538 2447 664 2524 άνειρύη
693 2448 794 2523 νύκτωρ
822 2446 839 2521 ἠ

133 2536 273 2603 πλάτανος,
292 2539 521 2613 κουφισθεῖσα
538 2544 597 2592 τοῦ
621 2537 757 2611 βάρους,
784 2538 840 2590 καὶ

132 2620 272 2697 άνεβίω,
291 2623 503 2699 καὶδφὶοιδςπ
489 2646 544 2698 ειρ
547 2622 698 2698 έρυῑιάλιν.
727 2623 840 2696 Παρα-

131 2733 218 2767 πέντε
225 2714 260 2766 λε
267 2714 438 2785 κημένηδ
442 2709 601 2785 ἐτύγχανεν
631 2712 754 2763 ἐκτῶν
782 2707 839 2763 δύο

134 2804 256 2872 μερῶν·
280 2795 365 2870 ίνδέ
383 2797 445 2852 abo
434 2799 629 2871 δένδρονμέγα,
655 2798 839 2869 μῆκοςμὲν

132 2888 219 2957 μεῖζον
263 2881 280 2957 ἦ
318 2882 493 2958 δεκάπηχυ,
536 2880 644 2958 πάχος
681 2885 721 2948 δὲ,
759 2879 839 2938 ὥστε

133 2971 175 3044 μη
207 2974 331 3046 ῥᾳδίως
369 2967 404 3024 ola
442 2971 641 3045 περιλαβεῖν
677 2974 839 3044 τέτταρας

133 3055 264 3132 ἄνδρας.

201 3151 226 3204 3.
258 3144 295 3199 ‘ll
319 3147 353 3200 δὲ
376 3146 408 3199 ἐν
427 3143 610 3203 Φιλίπποις
636 3145 707 3198 ἰτέα
726 3165 839 3218 περιε-

131 3232 223 3305 κόπη
243 3237 300 3303 μὲν
320 3230 398 3292 τούς
417 3228 622 3304 ἀκρεμόνας,
642 3227 672 3284 ού
691 3232 742 3303 μὴν
761 3251 840 3304 παρε-

132 3316 279 3391 πελεκάγδη.
331 3315 432 3379 Μάντις
469 3320 497 3377 δέ
532 3339 571 3378 τις
607 3319 707 3372 ἔπεισεν
744 3314 838 3378 αύτούς

133 3405 224 3459 θυσίαν
243 3425 271 3459 τε
290 3405 426 3470 ποιεῖσθαι,
451 3408 496 3460 καὶ
513 3412 600 3478 τηρεῖν
619 3403 649 3458 τὸ
667 3405 780 3478 δένδρον,
805 3402 842 3464 ὡς

132 3499 278 3564 σημεῖον
304 3489 432 3564 ἀγαθάν
460 3489 572 3564 γεγονός.
612 3487 717 3562 Ἀνέστη
743 3492 771 3545 δέ
794 3495 839 3545 καὶ

132 3580 166 3634 ἐν
195 3579 395 3653 Σταγείροις
427 3581 462 3633 ἐν
489 3584 533 3651 τῷ
559 3579 707 3650 μουσείῳ
734 3574 838 3650 λεύκη

131 3687 182 3726 τις
200 3668 354 3722 ἐκπεσοῦσα.

962 1931 976 1998 ξ
996 1934 1055 1987 131.
1091 1927 1293 1984 Prostratas
1311 1931 1464 1985 restitui
1484 1932 1602 2000 plerum·

892 2031 944 2082 que
966 2019 998 2068 et
1017 2016 1131 2084 quadam
1154 2018 1238 2070 terrae
1261 2017 1387 2072 cicatrice
1411 2019 1602 2073 vivescere

892 2100 1001 2169 volgare
1016 2104 1066 2155 est.
1097 2102 1336 2159 familiarissimum
1354 2105 1406 2160 hoc
1425 2105 1600 2173 platanis,

893 2203 959 2255 quae
977 2187 1135 2256 plurumum
1154 2193 1295 2244 ventorum
1312 2191 1473 2260 concipiunt
1495 2196 1599 2262 propter¹

892 2273 1248 2344 densitatemramorum,
1267 2278 1602 2347 quibusamputatis

891 2360 1008 2415 levato
1027 2378 1130 2416 onere
1148 2363 1177 2415 in
1196 2378 1244 2416 sua
1260 2364 1352 2418 scrobe
1369 2369 1599 2433 reponuntur.

891 2448 1045 2516 factumque
1079 2448 1133 2501 iarn
1164 2450 1206 2502 est
1235 2448 1286 2503 hoo
1312 2452 1341 2504 et
1366 2450 1395 2504 in
1422 2451 1600 2522 iuglandibus

893 2533 1013 2602 oleisque
1031 2550 1061 2588 ac
1080 2534 1175 2588 rnullis
1194 2534 1263 2589 aliis.

963 2624 978 2690 a
1006 2626 1064 2680 ιιι,
1109 2621 1159 2675 nst
1182 2622 1211 2675 in
1235 2622 1367 2690 exemplis
1390 2606 1425 2677 ei
1442 2625 1506 2678 sine
1533 2630 1598 2681 em.
1636 2670 1638 2677 .

892 2710 995 2774 pestate
1017 2708 1107 2762 ullave
1126 2724 1206 2762 causa
1223 2708 1275 2763 alia
1293 2725 1373 2777 quam
1391 2712 1501 2780 prodigi
1521 2728 1598 2768 causa
1636 2754 1638 2765 .

893 2794 1024 2848 cecidisse
1048 2794 1148 2848 multas
1174 2812 1204 2849 ao
1229 2811 1278 2848 sua
1296 2799 1391 2862 sponte
1408 2801 1599 2855 resurrexisse.

893 2879 1032 2949 (secuntur
1048 2881 1171 2949 exempla
1188 2898 1223 2935 ex
1241 2881 1354 2935 historia
1371 2880 1514 2952 Romana.)

961 2967 977 3035 β
997 2973 1055 3027 133,
1094 2971 1256 3023 memoratur
1279 2967 1330 3022 hoc
1352 2968 1425 3022 idem
1443 2971 1549 3026 factum
1566 2973 1596 3025 iu
1635 2948 1638 2961 Ι

891 3053 1075 3124 Philippis
1111 3053 1222 3108 salice
1257 3055 1386 3122 procidua
1420 3060 1507 3126 atque
1544 3060 1596 3113 de·
1634 3086 1638 3139 γ

892 3142 1067 3209 truncata,
1093 3143 1127 3195 et
1150 3141 1305 3209 Stagiris
1334 3141 1367 3195 in
1395 3158 1518 3200 museo
1542 3163 1595 3215 pc·
1635 3158 1638 3209 Ε

892 3228 973 3297 pulo
997 3227 1085 3294 alba,
1113 3228 1204 3281 onmia
1231 3228 1340 3282 fausti
1368 3230 1510 3285 ominis.
1553 3232 1597 3287 scd
1635 3222 1637 3285 ἰ

890 3331 1015 3368 maxume
1028 3314 1318 3380 mirum,Antandri
1337 3315 1597 3385 platanusetiaur
1633 3302 1637 3393 j

890 3399 1596 3475 circumdolatislateribusrestibilisspoute
1635 3398 1637 3429 ¹

890 3489 959 3542 facta
993 3487 1160 3555 vitaeque
1195 3488 1335 3543 reddita
1369 3489 1597 3558 longitudine
1634 3532 1637 3567 Ι

892 3574 1048 3643 quindecim
1093 3574 1308 3645 cubitorum,
1353 3578 1599 3634 crassitudine
1635 3569 1637 3607 ί

892 3664 1058 3731 quattuor
1077 3661 1241 3716 ulnarum.

238 3771 309 3837 Hae
332 3773 519 3856 paragraphi
542 3771 630 3835 unde
652 3776 799 3854 sumptae
822 3771 897 3850 sint,
920 3775 1030 3832 utrum
1045 3773 1076 3833 et
1091 3769 1304 3851 Theophrasto
1328 3770 1436 3833 etalii
1461 3774 1590 3837 orridam
1635 3766 1637 3857 l

135 3879 258 3940 auctori
281 3876 458 3940 debeantur
480 3897 521 3939 an
544 3876 696 3939 universa
721 3876 778 3938 uni
800 3875 933 3954 auctori,
958 3874 1014 3956 qui
1037 3875 1106 3957 ipse
1129 3873 1343 3957 Theophrasto
1366 3893 1447 3939 usus
1472 3883 1541 3942 erat
1564 3886 1594 3941 et
1635 3904 1637 3999 γ

132 3980 291 4043 nonnulla
313 3980 490 4060 addiderat
514 3979 650 4044 dubium
673 3997 743 4042 esse
765 3983 876 4061 potest.
923 3977 1100 4041 Videamus
1124 3977 1269 4061 singula!

237 4083 432 4168 Peragraphi
457 4084 517 4148 131
542 4083 697 4166 pleraque
719 4083 934 4166 Theophrasto
902 4081 1039 4146 tvel
1031 4082 1094 4165 rpsi
1119 4082 1170 4145 vel
1193 4087 1276 4146 certe
1246 4082 1357 4144 tulii
1379 4050 1515 4166 auctori,
1539 4085 1593 4168 qui
1635 4126 1637 4163 ÷

133 4187 203 4270 ipse
225 4187 474 4271 Theophrastum
506 4193 717 4270 excerpserat,
749 4186 913 4251 debentur
958 4186 1022 4250 Sed
1051 4185 1206 4248 nonnulla
1236 4185 1343 4248 addita
1312 4191 1459 4249 tsunt
1508 4187 1594 4251 'Dicit

138 4289 265 4355 Plinius
288 4293 433 4374 platanos
456 4292 645 4375 plurumum
668 4295 838 4355 ventorum
869 4292 1037 4373 concipere
1059 4298 1187 4373 propter
1210 4290 1398 4354 densitatem
1421 4308 1593 4372 ramorum,

133 4414 209 4458 cum
232 4394 466 4479 Theophrastus
496 4395 536 4459 de
565 4395 722 4459 densitate
750 4414 911 4459 ramorum
943 4395 1064 4478 platani
1093 4413 1256 4476 nusquam
1285 4393 1446 4476 loquatur.
1505 4394 1592 4471 Quae

135 4505 311 4581 secuntur,
353 4499 479 4562 Plinius
511 4501 653 4562 mutuari
687 4501 791 4582 potuit
828 4518 870 4562 ex
903 4500 960 4580 iis,
1003 4518 1085 4582 qnae
1119 4498 1159 4562 de
1192 4497 1328 4580 platanis
1362 4498 1526 4563 Antandri
1564 4504 1596 4563 et

101 4665 106 4674 ,
133 4603 294 4687 Philippis
316 4603 480 4688 prociduis
502 4603 735 4685 Theophrastus
764 4602 904 4687 praebet.
950 4601 999 4668 De
1029 4600 1238 4688 iuglandibus
1270 4610 1300 4666 et
1324 4602 1403 4666 oleis
1426 4602 1510 4666 nihil
1534 4605 1598 4669 tale

134 4709 222 4792 apud
245 4708 496 4790 Theophrastum
520 4709 692 4770 invenitur.
