<?xml version="1.0" encoding="UTF-8"?>
<!DOCTYPE html PUBLIC "-//W3C//DTD XHTML 1.0 Transitional//EN"
    "http://www.w3.org/TR/xhtml1/DTD/xhtml1-transitional.dtd">
<html xmlns="http://www.w3.org/1999/xhtml" xml:lang="en" lang="en">
 <head>
  <title>
</title>
<meta http-equiv="Content-Type" content="text/html;charset=utf-8" />
  <meta name='ocr-system' content='tesseract 3.04.00' />
  <meta name='ocr-capabilities' content='ocr_page ocr_carea ocr_par ocr_line ocrx_word'/>
</head>
<body>
  <div class='ocr_page' id='page_1' title='image "./derationequaein00renjgoog_0070.png"; bbox 0 0 3292 5436; ppageno 0'>
   <div class='ocr_carea' id='block_1_1' title="bbox 819 117 862 184">
    <p class='ocr_par' dir='ltr' id='par_1_1' title="bbox 819 117 862 184">
     <span class='ocr_line' id='line_1_1' title="bbox 819 117 862 184; baseline -0.047 0"><span class='ocrx_word' id='word_1_1' title='bbox 819 117 862 184; x_wconf 81' lang='lat'><strong>55</strong></span> 
     </span>
    </p>
   </div>
   <div class='ocr_carea' id='block_1_2' title="bbox 85 319 1574 918">
    <p class='ocr_par' dir='ltr' id='par_1_2' title="bbox 85 319 818 555">
     <span class='ocr_line' id='line_1_2' title="bbox 85 319 816 401; baseline 0.005 -25"><span class='ocrx_word' id='word_1_2' title='bbox 85 320 186 396; x_wconf 77' lang='grc' dir='ltr'><strong>πρὸς</strong></span> <span class='ocrx_word' id='word_1_3' title='bbox 230 322 503 396; x_wconf 73' lang='grc' dir='ltr'>μακρορριζίαν,</span> <span class='ocrx_word' id='word_1_4' title='bbox 546 319 564 395; x_wconf 72' lang='grc' dir='ltr'>ἡ</span> <span class='ocrx_word' id='word_1_5' title='bbox 605 329 665 397; x_wconf 77' lang='grc' dir='ltr'><strong>τῆς</strong></span> <span class='ocrx_word' id='word_1_6' title='bbox 709 322 816 401; x_wconf 79' lang='grc' dir='ltr'><strong>χώρας</strong></span> 
     </span>
     <span class='ocr_line' id='line_1_3' title="bbox 85 404 818 484; baseline 0.004 -21"><span class='ocrx_word' id='word_1_7' title='bbox 85 405 218 482; x_wconf 70' lang='grc' dir='ltr'>φύσις,</span> <span class='ocrx_word' id='word_1_8' title='bbox 262 406 319 463; x_wconf 79' lang='grc' dir='ltr'><strong>ἐὰν</strong></span> <span class='ocrx_word' id='word_1_9' title='bbox 355 404 373 483; x_wconf 68' lang='grc' dir='ltr'><strong>ᾖ</strong></span> <span class='ocrx_word' id='word_1_10' title='bbox 409 407 520 484; x_wconf 76' lang='grc' dir='ltr'>κου’φη</span> <span class='ocrx_word' id='word_1_11' title='bbox 557 413 613 465; x_wconf 84' lang='grc' dir='ltr'><strong>καὶ</strong></span> <span class='ocrx_word' id='word_1_12' title='bbox 649 412 738 484; x_wconf 63' lang='lat' dir='ltr'><strong>pavi]</strong></span> <span class='ocrx_word' id='word_1_13' title='bbox 773 415 818 467; x_wconf 74' lang='grc' dir='ltr'><strong>καὶ</strong></span> 
     </span>
     <span class='ocr_line' id='line_1_4' title="bbox 86 492 233 555; baseline -0.014 -5"><span class='ocrx_word' id='word_1_14' title='bbox 86 492 233 555; x_wconf 57' lang='lat' dir='ltr'><strong>addictos.</strong></span> 
     </span>
    </p>

    <p class='ocr_par' dir='ltr' id='par_1_3' title="bbox 90 580 1574 918">
     <span class='ocr_line' id='line_1_5' title="bbox 174 580 1573 660; baseline 0.001 -24"><span class='ocrx_word' id='word_1_15' title='bbox 174 581 214 650; x_wconf 89' lang='lat'><strong>11,</strong></span> <span class='ocrx_word' id='word_1_16' title='bbox 243 587 268 649; x_wconf 84' lang='lat'><strong>5,</strong></span> <span class='ocrx_word' id='word_1_17' title='bbox 292 586 318 640; x_wconf 83' lang='lat'><strong>2.</strong></span> <span class='ocrx_word' id='word_1_18' title='bbox 354 580 487 656; x_wconf 75' lang='grc' dir='ltr'>Πεύκην</span> <span class='ocrx_word' id='word_1_19' title='bbox 515 584 549 638; x_wconf 74' lang='grc' dir='ltr'><strong>δέ</strong></span> <span class='ocrx_word' id='word_1_20' title='bbox 574 604 623 645; x_wconf 79' lang='grc' dir='ltr'><strong>τις</strong></span> <span class='ocrx_word' id='word_1_21' title='bbox 651 586 713 660; x_wconf 78' lang='grc' dir='ltr'><strong>ἔφη</strong></span> <span class='ocrx_word' id='word_1_22' title='bbox 738 605 815 658; x_wconf 77' lang='grc' dir='ltr'>μετα·</span> <span class='ocrx_word' id='word_1_23' title='bbox 938 586 1027 653; x_wconf 90' lang='lat' dir='ltr'><strong>apud</strong></span> <span class='ocrx_word' id='word_1_24' title='bbox 1062 587 1225 640; x_wconf 81' lang='lat' dir='ltr'><strong>auctores</strong></span> <span class='ocrx_word' id='word_1_25' title='bbox 1261 588 1332 639; x_wconf 89' lang='lat' dir='ltr'><strong>certe</strong></span> <span class='ocrx_word' id='word_1_26' title='bbox 1371 586 1573 654; x_wconf 86' lang='lat' dir='ltr'><strong>iuvenitur,</strong></span> 
     </span>
     <span class='ocr_line' id='line_1_6' title="bbox 90 667 1573 745; baseline -0.001 -20"><span class='ocrx_word' id='word_1_27' title='bbox 90 667 227 744; x_wconf 69' lang='grc' dir='ltr'>φυτεύων</span> <span class='ocrx_word' id='word_1_28' title='bbox 256 671 472 745; x_wconf 75' lang='grc' dir='ltr'>μεμοχλευμένην</span> <span class='ocrx_word' id='word_1_29' title='bbox 500 671 604 742; x_wconf 73' lang='grc' dir='ltr'><strong>μείζω</strong></span> <span class='ocrx_word' id='word_1_30' title='bbox 631 672 691 743; x_wconf 80' lang='grc' dir='ltr'><strong>τὴν</strong></span> <span class='ocrx_word' id='word_1_31' title='bbox 720 673 815 745; x_wconf 72' lang='grc' dir='ltr'>ῥίζαν</span> <span class='ocrx_word' id='word_1_32' title='bbox 868 669 1001 725; x_wconf 85' lang='lat' dir='ltr'><strong>abistis</strong></span> <span class='ocrx_word' id='word_1_33' title='bbox 1038 671 1155 741; x_wconf 89' lang='lat' dir='ltr'><strong>planta</strong></span> <span class='ocrx_word' id='word_1_34' title='bbox 1191 689 1265 726; x_wconf 91' lang='lat' dir='ltr'><strong>oum</strong></span> <span class='ocrx_word' id='word_1_35' title='bbox 1300 673 1573 737; x_wconf 70' lang='lat' dir='ltr'><strong>transferretur,</strong></span> 
     </span>
     <span class='ocr_line' id='line_1_7' title="bbox 92 753 1574 834; baseline -0.001 -21"><span class='ocrx_word' id='word_1_36' title='bbox 92 759 202 834; x_wconf 68' lang='grc' dir='ltr'>ἔχειν</span> <span class='ocrx_word' id='word_1_37' title='bbox 230 753 484 832; x_wconf 53' lang='lat' dir='ltr'><strong>diuidamus,</strong></span> <span class='ocrx_word' id='word_1_38' title='bbox 511 759 634 832; x_wconf 76' lang='grc' dir='ltr'><strong>καίπερ</strong></span> <span class='ocrx_word' id='word_1_39' title='bbox 654 755 716 834; x_wconf 75' lang='grc' dir='ltr'><strong>οὐχ</strong></span> <span class='ocrx_word' id='word_1_40' title='bbox 737 754 816 832; x_wconf 78' lang='grc' dir='ltr'>ὅλης</span> <span class='ocrx_word' id='word_1_41' title='bbox 870 755 953 812; x_wconf 88' lang='lat' dir='ltr'>VIII</span> <span class='ocrx_word' id='word_1_42' title='bbox 989 758 1188 813; x_wconf 87' lang='lat' dir='ltr'><strong>cubitorum</strong></span> <span class='ocrx_word' id='word_1_43' title='bbox 1222 759 1257 812; x_wconf 90' lang='lat' dir='ltr'><strong>in</strong></span> <span class='ocrx_word' id='word_1_44' title='bbox 1284 760 1477 814; x_wconf 82' lang='lat' dir='ltr'><strong>altitudine</strong></span> <span class='ocrx_word' id='word_1_45' title='bbox 1513 774 1574 812; x_wconf 82' lang='lat' dir='ltr'><strong>nec</strong></span> 
     </span>
     <span class='ocr_line' id='line_1_8' title="bbox 94 839 1445 918; baseline -0.001 -18"><span class='ocrx_word' id='word_1_46' title='bbox 94 844 361 918; x_wconf 71' lang='grc' dir='ltr'><strong>ἐξαιρεθείσης,</strong></span> <span class='ocrx_word' id='word_1_47' title='bbox 382 839 450 898; x_wconf 75' lang='grc' dir='ltr'>ἀλλ’</span> <span class='ocrx_word' id='word_1_48' title='bbox 464 840 728 918; x_wconf 52' lang='lat' dir='ltr'><strong>drappos-{einos</strong></span> <span class='ocrx_word' id='word_1_49' title='bbox 869 847 976 900; x_wconf 86' lang='lat' dir='ltr'><strong>totam</strong></span> <span class='ocrx_word' id='word_1_50' title='bbox 993 847 1160 900; x_wconf 81' lang='lat' dir='ltr'><strong>refossam</strong></span> <span class='ocrx_word' id='word_1_51' title='bbox 1178 848 1237 901; x_wconf 87' lang='lat' dir='ltr'><strong>sed</strong></span> <span class='ocrx_word' id='word_1_52' title='bbox 1254 847 1445 915; x_wconf 84' lang='lat' dir='ltr'><strong>abruptam.</strong></span> 
     </span>
    </p>
   </div>
   <div class='ocr_carea' id='block_1_3' title="bbox 103 947 1625 3641">
    <p class='ocr_par' dir='ltr' id='par_1_4' title="bbox 103 947 1625 3641">
     <span class='ocr_line' id='line_1_9' title="bbox 214 947 1575 1035; baseline 0.001 -23"><span class='ocrx_word' id='word_1_53' title='bbox 214 948 285 1013; x_wconf 93' lang='lat' dir='ltr'><strong>Hos</strong></span> <span class='ocrx_word' id='word_1_54' title='bbox 315 949 397 1013; x_wconf 90' lang='lat' dir='ltr'><strong>duos</strong></span> <span class='ocrx_word' id='word_1_55' title='bbox 425 947 632 1032; x_wconf 81' lang='lat' dir='ltr'><strong>Theophrasti</strong></span> <span class='ocrx_word' id='word_1_56' title='bbox 664 952 751 1015; x_wconf 85' lang='lat' dir='ltr'><strong>locos</strong></span> <span class='ocrx_word' id='word_1_57' title='bbox 787 953 867 1035; x_wconf 91' lang='lat' dir='ltr'><strong>quin</strong></span> <span class='ocrx_word' id='word_1_58' title='bbox 898 951 1025 1016; x_wconf 88' lang='lat' dir='ltr'><strong>Plinius</strong></span> <span class='ocrx_word' id='word_1_59' title='bbox 1059 957 1133 1016; x_wconf 86' lang='lat' dir='ltr'><strong>onte</strong></span> <span class='ocrx_word' id='word_1_60' title='bbox 1162 953 1273 1016; x_wconf 88' lang='lat' dir='ltr'><strong>oeulos</strong></span> <span class='ocrx_word' id='word_1_61' title='bbox 1301 951 1457 1034; x_wconf 91' lang='lat' dir='ltr'><strong>habuerit,</strong></span> <span class='ocrx_word' id='word_1_62' title='bbox 1493 953 1575 1015; x_wconf 92' lang='lat' dir='ltr'><strong>mihi</strong></span> 
     </span>
     <span class='ocr_line' id='line_1_10' title="bbox 103 1052 1570 1140; baseline 0.001 -22"><span class='ocrx_word' id='word_1_63' title='bbox 103 1053 248 1138; x_wconf 88' lang='lat' dir='ltr'><strong>quidem</strong></span> <span class='ocrx_word' id='word_1_64' title='bbox 271 1052 407 1117; x_wconf 92' lang='lat' dir='ltr'><strong>dubium</strong></span> <span class='ocrx_word' id='word_1_65' title='bbox 429 1073 495 1117; x_wconf 91' lang='lat' dir='ltr'><strong>non</strong></span> <span class='ocrx_word' id='word_1_66' title='bbox 518 1059 575 1117; x_wconf 90' lang='lat' dir='ltr'><strong>est.</strong></span> <span class='ocrx_word' id='word_1_67' title='bbox 622 1053 684 1118; x_wconf 86' lang='lat' dir='ltr'><strong>Sed</strong></span> <span class='ocrx_word' id='word_1_68' title='bbox 707 1055 835 1120; x_wconf 86' lang='lat' dir='ltr'><strong>Plinius</strong></span> <span class='ocrx_word' id='word_1_69' title='bbox 864 1055 910 1136; x_wconf 90' lang='lat' dir='ltr'><strong>id,</strong></span> <span class='ocrx_word' id='word_1_70' title='bbox 942 1057 1028 1139; x_wconf 90' lang='lat' dir='ltr'><strong>quod</strong></span> <span class='ocrx_word' id='word_1_71' title='bbox 1050 1056 1284 1139; x_wconf 79' lang='lat' dir='ltr'><strong>Theophrastus</strong></span> <span class='ocrx_word' id='word_1_72' title='bbox 1306 1076 1363 1140; x_wconf 92' lang='lat' dir='ltr'><strong>pro</strong></span> <span class='ocrx_word' id='word_1_73' title='bbox 1387 1063 1471 1121; x_wconf 86' lang='lat' dir='ltr'><strong>certo</strong></span> <span class='ocrx_word' id='word_1_74' title='bbox 1494 1075 1570 1120; x_wconf 88' lang='lat' dir='ltr'><strong>con-</strong></span> 
     </span>
     <span class='ocr_line' id='line_1_11' title="bbox 104 1157 1576 1243; baseline 0.002 -21"><span class='ocrx_word' id='word_1_75' title='bbox 104 1157 281 1223; x_wconf 79' lang='lat' dir='ltr'><strong>tendit-</strong></span> <span class='ocrx_word' id='word_1_76' title='bbox 304 1162 442 1222; x_wconf 88' lang='lat' dir='ltr'><strong>etrecte</strong></span> <span class='ocrx_word' id='word_1_77' title='bbox 466 1157 607 1242; x_wconf 91' lang='lat' dir='ltr'><strong>quidem,</strong></span> <span class='ocrx_word' id='word_1_78' title='bbox 636 1165 674 1222; x_wconf 90' lang='lat' dir='ltr'><strong>ut</strong></span> <span class='ocrx_word' id='word_1_79' title='bbox 701 1165 781 1242; x_wconf 93' lang='lat' dir='ltr'><strong>puto</strong></span> <span class='ocrx_word' id='word_1_80' title='bbox 804 1195 857 1241; x_wconf 89' lang='lat'><strong>-,</strong></span> <span class='ocrx_word' id='word_1_81' title='bbox 888 1160 1004 1225; x_wconf 81' lang='lat' dir='ltr'><strong>falsum</strong></span> <span class='ocrx_word' id='word_1_82' title='bbox 1036 1179 1106 1226; x_wconf 88' lang='lat' dir='ltr'><strong>esse</strong></span> <span class='ocrx_word' id='word_1_83' title='bbox 1139 1161 1227 1241; x_wconf 91' lang='lat' dir='ltr'><strong>dicit,</strong></span> <span class='ocrx_word' id='word_1_84' title='bbox 1261 1161 1346 1243; x_wconf 92' lang='lat' dir='ltr'><strong>quod</strong></span> <span class='ocrx_word' id='word_1_85' title='bbox 1375 1161 1416 1224; x_wconf 89' lang='lat' dir='ltr'><strong>ad</strong></span> <span class='ocrx_word' id='word_1_86' title='bbox 1446 1161 1576 1225; x_wconf 91' lang='lat' dir='ltr'><strong>demon-</strong></span> 
     </span>
     <span class='ocr_line' id='line_1_12' title="bbox 104 1261 1571 1345; baseline 0.001 -19"><span class='ocrx_word' id='word_1_87' title='bbox 104 1261 282 1326; x_wconf 85' lang='lat' dir='ltr'><strong>strandum</strong></span> <span class='ocrx_word' id='word_1_88' title='bbox 313 1262 409 1326; x_wconf 87' lang='lat' dir='ltr'><strong>altero</strong></span> <span class='ocrx_word' id='word_1_89' title='bbox 442 1262 511 1325; x_wconf 88' lang='lat' dir='ltr'><strong>loco</strong></span> <span class='ocrx_word' id='word_1_90' title='bbox 534 1262 741 1345; x_wconf 82' lang='lat' dir='ltr'><strong>Theophrasti</strong></span> <span class='ocrx_word' id='word_1_91' title='bbox 770 1264 809 1327; x_wconf 89' lang='lat' dir='ltr'><strong>de</strong></span> <span class='ocrx_word' id='word_1_92' title='bbox 831 1263 937 1329; x_wconf 89' lang='lat' dir='ltr'><strong>radice</strong></span> <span class='ocrx_word' id='word_1_93' title='bbox 959 1264 1073 1328; x_wconf 86' lang='lat' dir='ltr'><strong>abietis</strong></span> <span class='ocrx_word' id='word_1_94' title='bbox 1104 1265 1335 1345; x_wconf 87' lang='lat' dir='ltr'><strong>(adnotandum</strong></span> <span class='ocrx_word' id='word_1_95' title='bbox 1357 1272 1405 1329; x_wconf 90' lang='lat' dir='ltr'><strong>est</strong></span> <span class='ocrx_word' id='word_1_96' title='bbox 1428 1264 1571 1328; x_wconf 91' lang='lat' dir='ltr'><strong>Plinium</strong></span> 
     </span>
     <span class='ocr_line' id='line_1_13' title="bbox 106 1365 1575 1453; baseline 0.002 -23"><span class='ocrx_word' id='word_1_97' title='bbox 106 1367 165 1430; x_wconf 90' lang='lat' dir='ltr'><strong>hio</strong></span> <span class='ocrx_word' id='word_1_98' title='bbox 186 1366 394 1450; x_wconf 79' lang='lat' dir='ltr'><strong>Theophrasti</strong></span> <span class='ocrx_word' id='word_1_99' title='bbox 418 1367 612 1430; x_wconf 85' lang='lat' dir='ltr'><strong>vocabulum</strong></span> <span class='ocrx_word' id='word_1_100' title='bbox 636 1365 783 1449; x_wconf 77' lang='grc' dir='ltr'>,,πεόκην“</span> <span class='ocrx_word' id='word_1_101' title='bbox 817 1372 938 1433; x_wconf 88' lang='lat' dir='ltr'><strong>vertere</strong></span> <span class='ocrx_word' id='word_1_102' title='bbox 968 1388 1025 1453; x_wconf 91' lang='lat' dir='ltr'><strong>per</strong></span> <span class='ocrx_word' id='word_1_103' title='bbox 1058 1369 1195 1452; x_wconf 84' lang='lat' dir='ltr'><strong>„abies“,</strong></span> <span class='ocrx_word' id='word_1_104' title='bbox 1229 1388 1305 1432; x_wconf 91' lang='lat' dir='ltr'><strong>oum</strong></span> <span class='ocrx_word' id='word_1_105' title='bbox 1335 1369 1414 1432; x_wconf 89' lang='lat' dir='ltr'><strong>alias</strong></span> <span class='ocrx_word' id='word_1_106' title='bbox 1446 1368 1575 1449; x_wconf 87' lang='lat' dir='ltr'><strong>„ahies“</strong></span> 
     </span>
     <span class='ocr_line' id='line_1_14' title="bbox 104 1469 1575 1555; baseline 0.001 -20"><span class='ocrx_word' id='word_1_107' title='bbox 104 1470 303 1555; x_wconf 88' lang='lat' dir='ltr'><strong>respoudeat</strong></span> <span class='ocrx_word' id='word_1_108' title='bbox 324 1471 450 1534; x_wconf 90' lang='lat' dir='ltr'><strong>nomini</strong></span> <span class='ocrx_word' id='word_1_109' title='bbox 475 1471 596 1536; x_wconf 83' lang='lat' dir='ltr'><strong>Graeco</strong></span> <span class='ocrx_word' id='word_1_110' title='bbox 618 1469 759 1555; x_wconf 60' lang='lat' dir='ltr'><strong>„tidrd‘l</strong></span> <span class='ocrx_word' id='word_1_111' title='bbox 789 1473 892 1535; x_wconf 88' lang='lat' dir='ltr'><strong>utitur</strong></span> <span class='ocrx_word' id='word_1_112' title='bbox 920 1478 1117 1555; x_wconf 81' lang='lat' dir='ltr'><strong>argumento.</strong></span> <span class='ocrx_word' id='word_1_113' title='bbox 1175 1471 1354 1550; x_wconf 80' lang='lat' dir='ltr'><strong>Quaeritur,</strong></span> <span class='ocrx_word' id='word_1_114' title='bbox 1387 1473 1475 1537; x_wconf 87' lang='lat' dir='ltr'><strong>unde</strong></span> <span class='ocrx_word' id='word_1_115' title='bbox 1496 1473 1575 1536; x_wconf 89' lang='lat' dir='ltr'><strong>haec</strong></span> 
     </span>
     <span class='ocr_line' id='line_1_15' title="bbox 110 1575 1577 1660; baseline 0.001 -21"><span class='ocrx_word' id='word_1_116' title='bbox 110 1579 288 1639; x_wconf 88' lang='lat' dir='ltr'><strong>mutuatus</strong></span> <span class='ocrx_word' id='word_1_117' title='bbox 312 1575 365 1658; x_wconf 88' lang='lat' dir='ltr'><strong>sit,</strong></span> <span class='ocrx_word' id='word_1_118' title='bbox 387 1579 496 1639; x_wconf 90' lang='lat' dir='ltr'><strong>uhum</strong></span> <span class='ocrx_word' id='word_1_119' title='bbox 519 1575 622 1659; x_wconf 89' lang='lat' dir='ltr'><strong>ipsius</strong></span> <span class='ocrx_word' id='word_1_120' title='bbox 646 1575 742 1639; x_wconf 89' lang='lat' dir='ltr'><strong>verba</strong></span> <span class='ocrx_word' id='word_1_121' title='bbox 765 1577 830 1640; x_wconf 91' lang='lat' dir='ltr'><strong>sint</strong></span> <span class='ocrx_word' id='word_1_122' title='bbox 845 1597 886 1639; x_wconf 88' lang='lat' dir='ltr'><strong>an</strong></span> <span class='ocrx_word' id='word_1_123' title='bbox 902 1576 985 1640; x_wconf 89' lang='lat' dir='ltr'><strong>alius</strong></span> <span class='ocrx_word' id='word_1_124' title='bbox 1001 1576 1169 1640; x_wconf 85' lang='lat' dir='ltr'><strong>cuiusdam</strong></span> <span class='ocrx_word' id='word_1_125' title='bbox 1186 1578 1337 1641; x_wconf 87' lang='lat' dir='ltr'><strong>auctoris.</strong></span> <span class='ocrx_word' id='word_1_126' title='bbox 1375 1575 1428 1640; x_wconf 82' lang='lat' dir='ltr'><strong>Me</strong></span> <span class='ocrx_word' id='word_1_127' title='bbox 1446 1577 1577 1660; x_wconf 90' lang='lat' dir='ltr'><strong>quidem</strong></span> 
     </span>
     <span class='ocr_line' id='line_1_16' title="bbox 105 1678 1575 1765; baseline 0.003 -24"><span class='ocrx_word' id='word_1_128' title='bbox 105 1678 225 1743; x_wconf 56' lang='lat' dir='ltr'><strong>⁴iudice</strong></span> <span class='ocrx_word' id='word_1_129' title='bbox 245 1679 416 1744; x_wconf 82' lang='lat' dir='ltr'><strong>falsissime</strong></span> <span class='ocrx_word' id='word_1_130' title='bbox 440 1678 568 1744; x_wconf 90' lang='lat' dir='ltr'><strong>Plinius</strong></span> <span class='ocrx_word' id='word_1_131' title='bbox 589 1680 803 1763; x_wconf 81' lang='lat' dir='ltr'><strong>Theophrasto</strong></span> <span class='ocrx_word' id='word_1_132' title='bbox 826 1679 1021 1764; x_wconf 89' lang='lat' dir='ltr'><strong>obloquitur,</strong></span> <span class='ocrx_word' id='word_1_133' title='bbox 1055 1701 1153 1765; x_wconf 91' lang='lat' dir='ltr'><strong>quam</strong></span> <span class='ocrx_word' id='word_1_134' title='bbox 1175 1680 1217 1744; x_wconf 95' lang='lat' dir='ltr'><strong>ob</strong></span> <span class='ocrx_word' id='word_1_135' title='bbox 1240 1700 1308 1746; x_wconf 91' lang='lat' dir='ltr'><strong>rem</strong></span> <span class='ocrx_word' id='word_1_136' title='bbox 1330 1687 1408 1765; x_wconf 91' lang='lat' dir='ltr'><strong>puto</strong></span> <span class='ocrx_word' id='word_1_137' title='bbox 1430 1681 1575 1746; x_wconf 90' lang='lat' dir='ltr'><strong>Plinium</strong></span> 
     </span>
     <span class='ocr_line' id='line_1_17' title="bbox 109 1783 1579 1868; baseline 0.001 -22"><span class='ocrx_word' id='word_1_138' title='bbox 109 1783 169 1846; x_wconf 89' lang='lat' dir='ltr'><strong>hic</strong></span> <span class='ocrx_word' id='word_1_139' title='bbox 191 1802 285 1847; x_wconf 87' lang='lat' dir='ltr'><strong>suam</strong></span> <span class='ocrx_word' id='word_1_140' title='bbox 306 1784 410 1868; x_wconf 92' lang='lat' dir='ltr'><strong>ipsius</strong></span> <span class='ocrx_word' id='word_1_141' title='bbox 433 1784 600 1847; x_wconf 86' lang='lat' dir='ltr'><strong>scientiam</strong></span> <span class='ocrx_word' id='word_1_142' title='bbox 616 1783 767 1848; x_wconf 88' lang='lat' dir='ltr'><strong>derebus</strong></span> <span class='ocrx_word' id='word_1_143' title='bbox 788 1785 990 1850; x_wconf 87' lang='lat' dir='ltr'><strong>naturalibus</strong></span> <span class='ocrx_word' id='word_1_144' title='bbox 1006 1784 1172 1849; x_wconf 88' lang='lat' dir='ltr'><strong>ostendere</strong></span> <span class='ocrx_word' id='word_1_145' title='bbox 1188 1789 1347 1865; x_wconf 88' lang='lat' dir='ltr'><strong>conatum,</strong></span> <span class='ocrx_word' id='word_1_146' title='bbox 1369 1785 1425 1850; x_wconf 89' lang='lat' dir='ltr'><strong>sed</strong></span> <span class='ocrx_word' id='word_1_147' title='bbox 1445 1805 1579 1868; x_wconf 86' lang='lat' dir='ltr'><strong>magno-</strong></span> 
     </span>
     <span class='ocr_line' id='line_1_18' title="bbox 107 1887 1579 1973; baseline -0.001 -19"><span class='ocrx_word' id='word_1_148' title='bbox 107 1907 193 1973; x_wconf 88' lang='lat' dir='ltr'><strong>pere</strong></span> <span class='ocrx_word' id='word_1_149' title='bbox 213 1890 341 1973; x_wconf 90' lang='lat' dir='ltr'><strong>lapsum</strong></span> <span class='ocrx_word' id='word_1_150' title='bbox 364 1907 442 1953; x_wconf 89' lang='lat' dir='ltr'><strong>esse.</strong></span> <span class='ocrx_word' id='word_1_151' title='bbox 486 1887 570 1952; x_wconf 86' lang='lat' dir='ltr'><strong>Nam</strong></span> <span class='ocrx_word' id='word_1_152' title='bbox 600 1889 683 1953; x_wconf 86' lang='lat' dir='ltr'><strong>alius</strong></span> <span class='ocrx_word' id='word_1_153' title='bbox 711 1898 830 1970; x_wconf 87' lang='lat' dir='ltr'><strong>auctor,</strong></span> <span class='ocrx_word' id='word_1_154' title='bbox 863 1890 920 1972; x_wconf 89' lang='lat' dir='ltr'><strong>qui</strong></span> <span class='ocrx_word' id='word_1_155' title='bbox 948 1891 1017 1972; x_wconf 89' lang='lat' dir='ltr'><strong>ipse</strong></span> <span class='ocrx_word' id='word_1_156' title='bbox 1051 1888 1090 1952; x_wconf 91' lang='lat' dir='ltr'><strong>de</strong></span> <span class='ocrx_word' id='word_1_157' title='bbox 1121 1888 1239 1972; x_wconf 88' lang='lat' dir='ltr'><strong>plantis</strong></span> <span class='ocrx_word' id='word_1_158' title='bbox 1267 1891 1394 1973; x_wconf 87' lang='lat' dir='ltr'><strong>scripsit</strong></span> <span class='ocrx_word' id='word_1_159' title='bbox 1423 1896 1454 1952; x_wconf 92' lang='lat' dir='ltr'><strong>et</strong></span> <span class='ocrx_word' id='word_1_160' title='bbox 1483 1889 1579 1972; x_wconf 87' lang='lat' dir='ltr'><strong>paulo</strong></span> 
     </span>
     <span class='ocr_line' id='line_1_19' title="bbox 110 1992 1580 2077; baseline -0.002 -19"><span class='ocrx_word' id='word_1_161' title='bbox 110 1994 251 2077; x_wconf 88' lang='lat' dir='ltr'><strong>peritior</strong></span> <span class='ocrx_word' id='word_1_162' title='bbox 280 1998 348 2058; x_wconf 88' lang='lat' dir='ltr'><strong>erat</strong></span> <span class='ocrx_word' id='word_1_163' title='bbox 376 2012 484 2057; x_wconf 90' lang='lat' dir='ltr'><strong>rerum</strong></span> <span class='ocrx_word' id='word_1_164' title='bbox 512 1993 709 2055; x_wconf 88' lang='lat' dir='ltr'><strong>naturalium</strong></span> <span class='ocrx_word' id='word_1_165' title='bbox 739 2012 836 2075; x_wconf 89' lang='lat' dir='ltr'><strong>quam</strong></span> <span class='ocrx_word' id='word_1_166' title='bbox 867 1992 1006 2072; x_wconf 77' lang='lat' dir='ltr'><strong>Plinius,</strong></span> <span class='ocrx_word' id='word_1_167' title='bbox 1041 2010 1111 2056; x_wconf 88' lang='lat' dir='ltr'><strong>mea</strong></span> <span class='ocrx_word' id='word_1_168' title='bbox 1146 1993 1276 2076; x_wconf 91' lang='lat' dir='ltr'><strong>quidem</strong></span> <span class='ocrx_word' id='word_1_169' title='bbox 1311 1995 1470 2056; x_wconf 87' lang='lat' dir='ltr'><strong>sententia</strong></span> <span class='ocrx_word' id='word_1_170' title='bbox 1503 2011 1580 2056; x_wconf 91' lang='lat' dir='ltr'><strong>con·</strong></span> 
     </span>
     <span class='ocr_line' id='line_1_20' title="bbox 108 2095 1577 2182; baseline -0.001 -22"><span class='ocrx_word' id='word_1_171' title='bbox 108 2097 248 2162; x_wconf 82' lang='lat' dir='ltr'><strong>tendere</strong></span> <span class='ocrx_word' id='word_1_172' title='bbox 280 2117 347 2161; x_wconf 95' lang='lat' dir='ltr'><strong>non</strong></span> <span class='ocrx_word' id='word_1_173' title='bbox 380 2098 486 2180; x_wconf 88' lang='lat' dir='ltr'><strong>potuit</strong></span> <span class='ocrx_word' id='word_1_174' title='bbox 520 2096 595 2160; x_wconf 89' lang='lat' dir='ltr'><strong>solis</strong></span> <span class='ocrx_word' id='word_1_175' title='bbox 623 2095 766 2160; x_wconf 84' lang='lat' dir='ltr'><strong>calorem</strong></span> <span class='ocrx_word' id='word_1_176' title='bbox 800 2115 865 2160; x_wconf 94' lang='lat' dir='ltr'><strong>non</strong></span> <span class='ocrx_word' id='word_1_177' title='bbox 895 2098 991 2161; x_wconf 89' lang='lat' dir='ltr'><strong>altius</strong></span> <span class='ocrx_word' id='word_1_178' title='bbox 1020 2102 1137 2160; x_wconf 89' lang='lat' dir='ltr'><strong>terram</strong></span> <span class='ocrx_word' id='word_1_179' title='bbox 1165 2097 1340 2182; x_wconf 87' lang='lat' dir='ltr'><strong>tepefacere</strong></span> <span class='ocrx_word' id='word_1_180' title='bbox 1374 2116 1471 2181; x_wconf 88' lang='lat' dir='ltr'><strong>quam</strong></span> <span class='ocrx_word' id='word_1_181' title='bbox 1506 2103 1577 2160; x_wconf 88' lang='lat' dir='ltr'><strong>octo</strong></span> 
     </span>
     <span class='ocr_line' id='line_1_21' title="bbox 109 2200 1577 2287; baseline 0.001 -23"><span class='ocrx_word' id='word_1_182' title='bbox 109 2200 237 2265; x_wconf 81' lang='lat' dir='ltr'><strong>cubita</strong></span> <span class='ocrx_word' id='word_1_183' title='bbox 282 2201 448 2267; x_wconf 88' lang='lat' dir='ltr'><strong>Praeterea</strong></span> <span class='ocrx_word' id='word_1_184' title='bbox 470 2205 535 2264; x_wconf 87' lang='lat' dir='ltr'><strong>tota</strong></span> <span class='ocrx_word' id='word_1_185' title='bbox 557 2202 635 2265; x_wconf 90' lang='lat' dir='ltr'><strong>haee</strong></span> <span class='ocrx_word' id='word_1_186' title='bbox 658 2200 757 2264; x_wconf 90' lang='lat' dir='ltr'><strong>Plinii</strong></span> <span class='ocrx_word' id='word_1_187' title='bbox 779 2201 999 2284; x_wconf 85' lang='lat' dir='ltr'><strong>paragraphus</strong></span> <span class='ocrx_word' id='word_1_188' title='bbox 1021 2221 1135 2284; x_wconf 89' lang='lat' dir='ltr'><strong>parum</strong></span> <span class='ocrx_word' id='word_1_189' title='bbox 1158 2201 1284 2285; x_wconf 87' lang='lat' dir='ltr'><strong>liquida</strong></span> <span class='ocrx_word' id='word_1_190' title='bbox 1306 2207 1362 2266; x_wconf 89' lang='lat' dir='ltr'><strong>est.</strong></span> <span class='ocrx_word' id='word_1_191' title='bbox 1410 2200 1449 2264; x_wconf 94' lang='lat' dir='ltr'><strong>In</strong></span> <span class='ocrx_word' id='word_1_192' title='bbox 1472 2201 1577 2287; x_wconf 92' lang='lat' dir='ltr'><strong>priore</strong></span> 
     </span>
     <span class='ocr_line' id='line_1_22' title="bbox 109 2304 1577 2389; baseline -0.001 -20"><span class='ocrx_word' id='word_1_193' title='bbox 109 2305 277 2370; x_wconf 81' lang='lat' dir='ltr'><strong>sententia</strong></span> <span class='ocrx_word' id='word_1_194' title='bbox 298 2304 426 2369; x_wconf 86' lang='lat' dir='ltr'><strong>Plinius</strong></span> <span class='ocrx_word' id='word_1_195' title='bbox 457 2305 548 2369; x_wconf 85' lang='lat' dir='ltr'><strong>dicit:</strong></span> <span class='ocrx_word' id='word_1_196' title='bbox 584 2305 737 2389; x_wconf 91' lang='lat' dir='ltr'><strong>„quidam</strong></span> <span class='ocrx_word' id='word_1_197' title='bbox 771 2304 980 2386; x_wconf 87' lang='lat' dir='ltr'><strong>contendunt,</strong></span> <span class='ocrx_word' id='word_1_198' title='bbox 1009 2305 1134 2370; x_wconf 87' lang='lat' dir='ltr'><strong>radices</strong></span> <span class='ocrx_word' id='word_1_199' title='bbox 1164 2324 1230 2369; x_wconf 94' lang='lat' dir='ltr'><strong>non</strong></span> <span class='ocrx_word' id='word_1_200' title='bbox 1263 2305 1360 2368; x_wconf 88' lang='lat' dir='ltr'><strong>altius</strong></span> <span class='ocrx_word' id='word_1_201' title='bbox 1384 2304 1577 2369; x_wconf 88' lang='lat' dir='ltr'><strong>descendere</strong></span> 
     </span>
     <span class='ocr_line' id='line_1_23' title="bbox 111 2408 1577 2494; baseline -0.002 -20"><span class='ocrx_word' id='word_1_202' title='bbox 111 2429 217 2492; x_wconf 89' lang='lat' dir='ltr'><strong>quam</strong></span> <span class='ocrx_word' id='word_1_203' title='bbox 240 2409 316 2473; x_wconf 91' lang='lat' dir='ltr'><strong>solis</strong></span> <span class='ocrx_word' id='word_1_204' title='bbox 339 2410 424 2473; x_wconf 89' lang='lat' dir='ltr'><strong>calor</strong></span> <span class='ocrx_word' id='word_1_205' title='bbox 445 2409 612 2494; x_wconf 85' lang='lat' dir='ltr'><strong>tepefaciat</strong></span> <span class='ocrx_word' id='word_1_206' title='bbox 638 2409 738 2492; x_wconf 88' lang='lat' dir='ltr'><strong>idque</strong></span> <span class='ocrx_word' id='word_1_207' title='bbox 760 2415 893 2472; x_wconf 86' lang='lat' dir='ltr'><strong>naturae</strong></span> <span class='ocrx_word' id='word_1_208' title='bbox 916 2408 977 2472; x_wconf 90' lang='lat' dir='ltr'><strong>loci</strong></span> <span class='ocrx_word' id='word_1_209' title='bbox 1001 2410 1100 2490; x_wconf 81' lang='lat' dir='ltr'><strong>esse“,</strong></span> <span class='ocrx_word' id='word_1_210' title='bbox 1132 2427 1214 2492; x_wconf 89' lang='lat' dir='ltr'><strong>quae</strong></span> <span class='ocrx_word' id='word_1_211' title='bbox 1246 2408 1344 2472; x_wconf 85' lang='lat' dir='ltr'><strong>verba</strong></span> <span class='ocrx_word' id='word_1_212' title='bbox 1371 2427 1422 2472; x_wconf 92' lang='lat' dir='ltr'><strong>me</strong></span> <span class='ocrx_word' id='word_1_213' title='bbox 1446 2408 1577 2492; x_wconf 88' lang='lat' dir='ltr'><strong>quidem</strong></span> 
     </span>
     <span class='ocr_line' id='line_1_24' title="bbox 115 2512 1578 2596; baseline -0.001 -20"><span class='ocrx_word' id='word_1_214' title='bbox 115 2513 229 2578; x_wconf 90' lang='lat' dir='ltr'><strong>iudice</strong></span> <span class='ocrx_word' id='word_1_215' title='bbox 251 2518 335 2579; x_wconf 91' lang='lat' dir='ltr'><strong>certe</strong></span> <span class='ocrx_word' id='word_1_216' title='bbox 358 2512 542 2596; x_wconf 84' lang='lat' dir='ltr'><strong>significant</strong></span> <span class='ocrx_word' id='word_1_217' title='bbox 563 2518 697 2576; x_wconf 87' lang='lat' dir='ltr'><strong>naturae</strong></span> <span class='ocrx_word' id='word_1_218' title='bbox 719 2512 781 2575; x_wconf 90' lang='lat' dir='ltr'><strong>loci</strong></span> <span class='ocrx_word' id='word_1_219' title='bbox 802 2513 966 2594; x_wconf 88' lang='lat' dir='ltr'><strong>interesse,</strong></span> <span class='ocrx_word' id='word_1_220' title='bbox 989 2518 1099 2576; x_wconf 90' lang='lat' dir='ltr'><strong>utrum</strong></span> <span class='ocrx_word' id='word_1_221' title='bbox 1122 2514 1197 2576; x_wconf 91' lang='lat' dir='ltr'><strong>solis</strong></span> <span class='ocrx_word' id='word_1_222' title='bbox 1223 2512 1308 2576; x_wconf 90' lang='lat' dir='ltr'><strong>calor</strong></span> <span class='ocrx_word' id='word_1_223' title='bbox 1323 2513 1395 2594; x_wconf 91' lang='lat' dir='ltr'><strong>plus</strong></span> <span class='ocrx_word' id='word_1_224' title='bbox 1412 2531 1452 2574; x_wconf 91' lang='lat' dir='ltr'><strong>an</strong></span> <span class='ocrx_word' id='word_1_225' title='bbox 1469 2512 1578 2594; x_wconf 85' lang='lat' dir='ltr'><strong>minus</strong></span> 
     </span>
     <span class='ocr_line' id='line_1_25' title="bbox 111 2615 1579 2702; baseline -0.003 -20"><span class='ocrx_word' id='word_1_226' title='bbox 111 2618 181 2682; x_wconf 85' lang='lat' dir='ltr'><strong>soli</strong></span> <span class='ocrx_word' id='word_1_227' title='bbox 202 2618 379 2702; x_wconf 80' lang='lat' dir='ltr'><strong>tepefaciat.</strong></span> <span class='ocrx_word' id='word_1_228' title='bbox 426 2616 518 2694; x_wconf 80' lang='lat' dir='ltr'><strong>Quod</strong></span> <span class='ocrx_word' id='word_1_229' title='bbox 550 2618 608 2680; x_wconf 88' lang='lat' dir='ltr'><strong>etsi</strong></span> <span class='ocrx_word' id='word_1_230' title='bbox 632 2635 699 2679; x_wconf 92' lang='lat' dir='ltr'><strong>non</strong></span> <span class='ocrx_word' id='word_1_231' title='bbox 721 2615 839 2678; x_wconf 87' lang='lat' dir='ltr'><strong>falsum</strong></span> <span class='ocrx_word' id='word_1_232' title='bbox 867 2621 925 2692; x_wconf 85' lang='lat' dir='ltr'><strong>est,</strong></span> <span class='ocrx_word' id='word_1_233' title='bbox 957 2618 1089 2682; x_wconf 88' lang='lat' dir='ltr'><strong>meliora</strong></span> <span class='ocrx_word' id='word_1_234' title='bbox 1118 2624 1224 2682; x_wconf 86' lang='lat' dir='ltr'><strong>tamen</strong></span> <span class='ocrx_word' id='word_1_235' title='bbox 1254 2621 1341 2698; x_wconf 89' lang='lat' dir='ltr'><strong>sunt,</strong></span> <span class='ocrx_word' id='word_1_236' title='bbox 1375 2635 1457 2698; x_wconf 90' lang='lat' dir='ltr'><strong>quae</strong></span> <span class='ocrx_word' id='word_1_237' title='bbox 1479 2615 1579 2679; x_wconf 90' lang='lat' dir='ltr'><strong>Theo·</strong></span> 
     </span>
     <span class='ocr_line' id='line_1_26' title="bbox 114 2704 1625 2806; baseline -0.001 -22"><span class='ocrx_word' id='word_1_238' title='bbox 114 2721 271 2804; x_wconf 89' lang='lat' dir='ltr'><strong>phrastus</strong></span> <span class='ocrx_word' id='word_1_239' title='bbox 298 2721 446 2806; x_wconf 90' lang='lat' dir='ltr'><strong>praebet:</strong></span> <span class='ocrx_word' id='word_1_240' title='bbox 482 2719 629 2803; x_wconf 89' lang='lat' dir='ltr'><strong>„Nullius</strong></span> <span class='ocrx_word' id='word_1_241' title='bbox 660 2719 781 2782; x_wconf 85' lang='lat' dir='ltr'><strong>arboris</strong></span> <span class='ocrx_word' id='word_1_242' title='bbox 811 2720 904 2783; x_wconf 82' lang='lat' dir='ltr'><strong>radix</strong></span> <span class='ocrx_word' id='word_1_243' title='bbox 935 2721 1030 2785; x_wconf 89' lang='lat' dir='ltr'><strong>altius</strong></span> <span class='ocrx_word' id='word_1_244' title='bbox 1061 2721 1225 2786; x_wconf 85' lang='lat' dir='ltr'><strong>deseendit</strong></span> <span class='ocrx_word' id='word_1_245' title='bbox 1254 2740 1351 2804; x_wconf 88' lang='lat' dir='ltr'><strong>quam</strong></span> <span class='ocrx_word' id='word_1_246' title='bbox 1381 2721 1457 2783; x_wconf 90' lang='lat' dir='ltr'><strong>solis</strong></span> <span class='ocrx_word' id='word_1_247' title='bbox 1490 2720 1577 2783; x_wconf 90' lang='lat' dir='ltr'><strong>calor</strong></span> <span class='ocrx_word' id='word_1_248' title='bbox 1621 2704 1625 2709; x_wconf 47' lang='lat'><strong><em>¹</em></strong></span> 
     </span>
     <span class='ocr_line' id='line_1_27' title="bbox 112 2823 1580 2909; baseline -0.002 -20"><span class='ocrx_word' id='word_1_249' title='bbox 112 2825 279 2909; x_wconf 86' lang='lat' dir='ltr'><strong>tepefacit,</strong></span> <span class='ocrx_word' id='word_1_250' title='bbox 312 2845 387 2890; x_wconf 91' lang='lat' dir='ltr'><strong>cum</strong></span> <span class='ocrx_word' id='word_1_251' title='bbox 422 2824 505 2888; x_wconf 89' lang='lat' dir='ltr'><strong>calor</strong></span> <span class='ocrx_word' id='word_1_252' title='bbox 535 2827 602 2889; x_wconf 88' lang='lat' dir='ltr'><strong>vim</strong></span> <span class='ocrx_word' id='word_1_253' title='bbox 633 2824 786 2909; x_wconf 83' lang='lat' dir='ltr'><strong>gignendi</strong></span> <span class='ocrx_word' id='word_1_254' title='bbox 815 2823 939 2888; x_wconf 88' lang='lat' dir='ltr'><strong>habeat.</strong></span> <span class='ocrx_word' id='word_1_255' title='bbox 995 2824 1058 2889; x_wconf 81' lang='lat' dir='ltr'><strong>Sed</strong></span> <span class='ocrx_word' id='word_1_256' title='bbox 1088 2826 1184 2889; x_wconf 84' lang='lat' dir='ltr'><strong>etiam</strong></span> <span class='ocrx_word' id='word_1_257' title='bbox 1213 2831 1330 2889; x_wconf 89' lang='lat' dir='ltr'><strong>natura</strong></span> <span class='ocrx_word' id='word_1_258' title='bbox 1360 2825 1422 2888; x_wconf 89' lang='lat' dir='ltr'><strong>loci</strong></span> <span class='ocrx_word' id='word_1_259' title='bbox 1445 2824 1486 2887; x_wconf 91' lang='lat' dir='ltr'><strong>ad</strong></span> <span class='ocrx_word' id='word_1_260' title='bbox 1509 2825 1580 2887; x_wconf 89' lang='lat' dir='ltr'><strong>alti·</strong></span> 
     </span>
     <span class='ocr_line' id='line_1_28' title="bbox 114 2926 1581 3012; baseline -0.002 -18"><span class='ocrx_word' id='word_1_261' title='bbox 114 2929 268 2994; x_wconf 80' lang='lat' dir='ltr'><strong>tudinem</strong></span> <span class='ocrx_word' id='word_1_262' title='bbox 298 2929 445 2994; x_wconf 91' lang='lat' dir='ltr'><strong>radicum</strong></span> <span class='ocrx_word' id='word_1_263' title='bbox 471 2929 646 3012; x_wconf 89' lang='lat' dir='ltr'><strong>plurimum</strong></span> <span class='ocrx_word' id='word_1_264' title='bbox 679 2928 791 2991; x_wconf 78' lang='lat' dir='ltr'><strong>valet‘.</strong></span> <span class='ocrx_word' id='word_1_265' title='bbox 836 2926 985 3011; x_wconf 90' lang='lat' dir='ltr'><strong>Denique</strong></span> <span class='ocrx_word' id='word_1_266' title='bbox 1014 2929 1049 2992; x_wconf 92' lang='lat' dir='ltr'><strong>id</strong></span> <span class='ocrx_word' id='word_1_267' title='bbox 1077 2934 1312 3012; x_wconf 79' lang='lat' dir='ltr'><strong>argumentum,</strong></span> <span class='ocrx_word' id='word_1_268' title='bbox 1348 2929 1434 3010; x_wconf 92' lang='lat' dir='ltr'><strong>quod</strong></span> <span class='ocrx_word' id='word_1_269' title='bbox 1465 2927 1581 2991; x_wconf 90' lang='lat' dir='ltr'><strong>adtulit</strong></span> 
     </span>
     <span class='ocr_line' id='line_1_29' title="bbox 119 3031 1582 3115; baseline -0.003 -17"><span class='ocrx_word' id='word_1_270' title='bbox 119 3032 168 3098; x_wconf 80' lang='lat' dir='ltr'><strong>ad</strong></span> <span class='ocrx_word' id='word_1_271' title='bbox 191 3034 475 3099; x_wconf 89' lang='lat' dir='ltr'><strong>demonstrandum</strong></span> <span class='ocrx_word' id='word_1_272' title='bbox 499 3051 547 3114; x_wconf 88' lang='lat' dir='ltr'><strong>ea,</strong></span> <span class='ocrx_word' id='word_1_273' title='bbox 571 3051 652 3115; x_wconf 87' lang='lat' dir='ltr'><strong>quae</strong></span> <span class='ocrx_word' id='word_1_274' title='bbox 675 3033 779 3115; x_wconf 88' lang='lat' dir='ltr'><strong>priore</strong></span> <span class='ocrx_word' id='word_1_275' title='bbox 802 3035 959 3096; x_wconf 87' lang='lat' dir='ltr'><strong>sententia</strong></span> <span class='ocrx_word' id='word_1_276' title='bbox 983 3032 1066 3095; x_wconf 88' lang='lat' dir='ltr'><strong>dicta</strong></span> <span class='ocrx_word' id='word_1_277' title='bbox 1090 3038 1206 3113; x_wconf 87' lang='lat' dir='ltr'><strong>essent,</strong></span> <span class='ocrx_word' id='word_1_278' title='bbox 1229 3051 1298 3096; x_wconf 87' lang='lat' dir='ltr'><strong>esse</strong></span> <span class='ocrx_word' id='word_1_279' title='bbox 1321 3031 1412 3112; x_wconf 84' lang='lat' dir='ltr'><strong>falsa,</strong></span> <span class='ocrx_word' id='word_1_280' title='bbox 1435 3039 1518 3096; x_wconf 84' lang='lat' dir='ltr'><strong>certe</strong></span> <span class='ocrx_word' id='word_1_281' title='bbox 1540 3031 1582 3094; x_wconf 89' lang='lat' dir='ltr'><strong>ad</strong></span> 
     </span>
     <span class='ocr_line' id='line_1_30' title="bbox 114 3134 1582 3224; baseline -0.004 -21"><span class='ocrx_word' id='word_1_282' title='bbox 114 3141 260 3224; x_wconf 78' lang='lat' dir='ltr'><strong>priorem</strong></span> <span class='ocrx_word' id='word_1_283' title='bbox 281 3143 407 3203; x_wconf 83' lang='lat' dir='ltr'><strong>tantum</strong></span> <span class='ocrx_word' id='word_1_284' title='bbox 438 3137 536 3200; x_wconf 91' lang='lat' dir='ltr'><strong>huius</strong></span> <span class='ocrx_word' id='word_1_285' title='bbox 566 3138 742 3200; x_wconf 90' lang='lat' dir='ltr'><strong>sententiae</strong></span> <span class='ocrx_word' id='word_1_286' title='bbox 769 3142 891 3219; x_wconf 87' lang='lat' dir='ltr'><strong>partem</strong></span> <span class='ocrx_word' id='word_1_287' title='bbox 920 3137 1066 3220; x_wconf 88' lang='lat' dir='ltr'><strong>pertinet.</strong></span> <span class='ocrx_word' id='word_1_288' title='bbox 1118 3136 1202 3200; x_wconf 87' lang='lat' dir='ltr'><strong>Nam</strong></span> <span class='ocrx_word' id='word_1_289' title='bbox 1232 3153 1284 3200; x_wconf 90' lang='lat' dir='ltr'><strong>me</strong></span> <span class='ocrx_word' id='word_1_290' title='bbox 1314 3135 1445 3219; x_wconf 91' lang='lat' dir='ltr'><strong>quidem</strong></span> <span class='ocrx_word' id='word_1_291' title='bbox 1474 3134 1582 3197; x_wconf 86' lang='lat' dir='ltr'><strong>iudice</strong></span> 
     </span>
     <span class='ocr_line' id='line_1_31' title="bbox 111 3239 1581 3322; baseline -0.005 -14"><span class='ocrx_word' id='word_1_292' title='bbox 111 3244 250 3310; x_wconf 85' lang='lat' dir='ltr'><strong>Plinius</strong></span> <span class='ocrx_word' id='word_1_293' title='bbox 273 3244 351 3308; x_wconf 86' lang='lat' dir='ltr'><strong>haec</strong></span> <span class='ocrx_word' id='word_1_294' title='bbox 375 3242 480 3306; x_wconf 88' lang='lat' dir='ltr'><strong>dicere</strong></span> <span class='ocrx_word' id='word_1_295' title='bbox 502 3241 590 3304; x_wconf 83' lang='lat' dir='ltr'><strong>vult:</strong></span> <span class='ocrx_word' id='word_1_296' title='bbox 617 3239 772 3322; x_wconf 84' lang='lat' dir='ltr'><strong>„Radices</strong></span> <span class='ocrx_word' id='word_1_297' title='bbox 795 3239 895 3303; x_wconf 93' lang='lat' dir='ltr'><strong>multo</strong></span> <span class='ocrx_word' id='word_1_298' title='bbox 919 3241 1014 3304; x_wconf 89' lang='lat' dir='ltr'><strong>altius</strong></span> <span class='ocrx_word' id='word_1_299' title='bbox 1037 3241 1249 3322; x_wconf 83' lang='lat' dir='ltr'><strong>descendunt,</strong></span> <span class='ocrx_word' id='word_1_300' title='bbox 1274 3258 1373 3322; x_wconf 87' lang='lat' dir='ltr'><strong>quam</strong></span> <span class='ocrx_word' id='word_1_301' title='bbox 1396 3239 1471 3303; x_wconf 90' lang='lat' dir='ltr'><strong>solis</strong></span> <span class='ocrx_word' id='word_1_302' title='bbox 1495 3239 1581 3302; x_wconf 92' lang='lat' dir='ltr'><strong>calor</strong></span> 
     </span>
     <span class='ocr_line' id='line_1_32' title="bbox 110 3341 1578 3432; baseline -0.005 -20"><span class='ocrx_word' id='word_1_303' title='bbox 110 3353 239 3412; x_wconf 78' lang='lat' dir='ltr'><strong>terram</strong></span> <span class='ocrx_word' id='word_1_304' title='bbox 262 3346 420 3432; x_wconf 84' lang='lat' dir='ltr'><strong>tepefacit,</strong></span> <span class='ocrx_word' id='word_1_305' title='bbox 451 3365 526 3408; x_wconf 91' lang='lat' dir='ltr'><strong>nam</strong></span> <span class='ocrx_word' id='word_1_306' title='bbox 556 3343 668 3408; x_wconf 90' lang='lat' dir='ltr'><strong>abietis</strong></span> <span class='ocrx_word' id='word_1_307' title='bbox 696 3343 789 3407; x_wconf 79' lang='lat' dir='ltr'><strong>radix</strong></span> <span class='ocrx_word' id='word_1_308' title='bbox 818 3343 1022 3408; x_wconf 87' lang='lat' dir='ltr'><strong>altitudinem</strong></span> <span class='ocrx_word' id='word_1_309' title='bbox 1052 3350 1122 3408; x_wconf 86' lang='lat' dir='ltr'><strong>octo</strong></span> <span class='ocrx_word' id='word_1_310' title='bbox 1150 3344 1201 3407; x_wconf 87' lang='lat' dir='ltr'><strong>vel</strong></span> <span class='ocrx_word' id='word_1_311' title='bbox 1232 3345 1363 3428; x_wconf 88' lang='lat' dir='ltr'><strong>plurum</strong></span> <span class='ocrx_word' id='word_1_312' title='bbox 1395 3341 1578 3405; x_wconf 86' lang='lat' dir='ltr'><strong>cubitorum</strong></span> 
     </span>
     <span class='ocr_line' id='line_1_33' title="bbox 111 3445 1581 3536; baseline -0.006 -20"><span class='ocrx_word' id='word_1_313' title='bbox 111 3451 322 3536; x_wconf 83' lang='lat' dir='ltr'><strong>adsequitur,</strong></span> <span class='ocrx_word' id='word_1_314' title='bbox 345 3457 410 3514; x_wconf 90' lang='lat' dir='ltr'><strong>tam</strong></span> <span class='ocrx_word' id='word_1_315' title='bbox 433 3450 527 3533; x_wconf 86' lang='lat' dir='ltr'><strong>longe</strong></span> <span class='ocrx_word' id='word_1_316' title='bbox 551 3455 657 3512; x_wconf 93' lang='lat' dir='ltr'><strong>autem</strong></span> <span class='ocrx_word' id='word_1_317' title='bbox 680 3448 757 3512; x_wconf 92' lang='lat' dir='ltr'><strong>solis</strong></span> <span class='ocrx_word' id='word_1_318' title='bbox 780 3448 865 3511; x_wconf 86' lang='lat' dir='ltr'><strong>calor</strong></span> <span class='ocrx_word' id='word_1_319' title='bbox 887 3454 1002 3513; x_wconf 86' lang='lat' dir='ltr'><strong>terram</strong></span> <span class='ocrx_word' id='word_1_320' title='bbox 1024 3469 1089 3513; x_wconf 90' lang='lat' dir='ltr'><strong>non</strong></span> <span class='ocrx_word' id='word_1_321' title='bbox 1113 3447 1290 3533; x_wconf 82' lang='lat' dir='ltr'><strong>penetrat‘,</strong></span> <span class='ocrx_word' id='word_1_322' title='bbox 1313 3447 1370 3510; x_wconf 88' lang='lat' dir='ltr'><strong>sed</strong></span> <span class='ocrx_word' id='word_1_323' title='bbox 1392 3445 1433 3509; x_wconf 90' lang='lat' dir='ltr'><strong>ad</strong></span> <span class='ocrx_word' id='word_1_324' title='bbox 1450 3446 1581 3510; x_wconf 88' lang='lat' dir='ltr'><strong>alteram</strong></span> 
     </span>
     <span class='ocr_line' id='line_1_34' title="bbox 110 3550 1584 3641; baseline -0.003 -23"><span class='ocrx_word' id='word_1_325' title='bbox 110 3555 240 3640; x_wconf 16' lang='lat' dir='ltr'><strong>‘prioris</strong></span> <span class='ocrx_word' id='word_1_326' title='bbox 267 3555 445 3619; x_wconf 87' lang='lat' dir='ltr'><strong>sententiae</strong></span> <span class='ocrx_word' id='word_1_327' title='bbox 474 3560 595 3641; x_wconf 80' lang='lat' dir='ltr'><strong>partem</strong></span> <span class='ocrx_word' id='word_1_328' title='bbox 626 3554 719 3635; x_wconf 87' lang='lat' dir='ltr'><strong>haec,</strong></span> <span class='ocrx_word' id='word_1_329' title='bbox 753 3557 790 3616; x_wconf 91' lang='lat' dir='ltr'><strong>ut</strong></span> <span class='ocrx_word' id='word_1_330' title='bbox 819 3553 899 3615; x_wconf 90' lang='lat' dir='ltr'><strong>mihi</strong></span> <span class='ocrx_word' id='word_1_331' title='bbox 929 3554 1058 3637; x_wconf 90' lang='lat' dir='ltr'><strong>quidem</strong></span> <span class='ocrx_word' id='word_1_332' title='bbox 1087 3554 1233 3633; x_wconf 87' lang='lat' dir='ltr'><strong>videtur,</strong></span> <span class='ocrx_word' id='word_1_333' title='bbox 1266 3552 1398 3614; x_wconf 91' lang='lat' dir='ltr'><strong>omnino</strong></span> <span class='ocrx_word' id='word_1_334' title='bbox 1425 3550 1584 3633; x_wconf 88' lang='lat' dir='ltr'><strong>pertinere</strong></span> 
     </span>
    </p>
   </div>
   <div class='ocr_carea' id='block_1_4' title="bbox 108 3664 1586 4795">
    <p class='ocr_par' dir='ltr' id='par_1_5' title="bbox 108 3664 1586 4795">
     <span class='ocr_line' id='line_1_35' title="bbox 111 3664 302 3742; baseline -0.005 -19"><span class='ocrx_word' id='word_1_335' title='bbox 111 3664 302 3742; x_wconf 83' lang='lat' dir='ltr'><strong>nequeunt.</strong></span> 
     </span>
     <span class='ocr_line' id='line_1_36' title="bbox 192 3755 1585 3829; baseline -0.006 -14"><span class='ocrx_word' id='word_1_336' title='bbox 192 3759 234 3815; x_wconf 87' lang='lat' dir='ltr'><strong>De</strong></span> <span class='ocrx_word' id='word_1_337' title='bbox 251 3760 315 3815; x_wconf 86' lang='lat' dir='ltr'><strong>citri</strong></span> <span class='ocrx_word' id='word_1_338' title='bbox 333 3760 423 3815; x_wconf 88' lang='lat' dir='ltr'><strong>radice</strong></span> <span class='ocrx_word' id='word_1_339' title='bbox 440 3760 512 3829; x_wconf 88' lang='lat' dir='ltr'><strong>apud</strong></span> <span class='ocrx_word' id='word_1_340' title='bbox 530 3759 742 3829; x_wconf 87' lang='lat' dir='ltr'><strong>Theophrastum</strong></span> <span class='ocrx_word' id='word_1_341' title='bbox 759 3757 830 3811; x_wconf 90' lang='lat' dir='ltr'><strong>nihil</strong></span> <span class='ocrx_word' id='word_1_342' title='bbox 951 3775 1096 3827; x_wconf 85' lang='lat' dir='ltr'><strong>„maxuma</strong></span> <span class='ocrx_word' id='word_1_343' title='bbox 1131 3759 1217 3827; x_wconf 88' lang='lat' dir='ltr'><strong>spatio</strong></span> <span class='ocrx_word' id='word_1_344' title='bbox 1250 3761 1330 3826; x_wconf 85' lang='lat' dir='ltr'><strong>atque</strong></span> <span class='ocrx_word' id='word_1_345' title='bbox 1363 3755 1530 3824; x_wconf 87' lang='lat' dir='ltr'><strong>plenitudine</strong></span> <span class='ocrx_word' id='word_1_346' title='bbox 1557 3756 1585 3808; x_wconf 89' lang='lat' dir='ltr'><strong>et</strong></span> 
     </span>
     <span class='ocr_line' id='line_1_37' title="bbox 108 3841 1586 3915; baseline -0.005 -11"><span class='ocrx_word' id='word_1_347' title='bbox 108 3850 220 3905; x_wconf 83' lang='lat' dir='ltr'><strong>exstat.</strong></span> <span class='ocrx_word' id='word_1_348' title='bbox 882 3847 945 3899; x_wconf 85' lang='lat' dir='ltr'><strong>citri</strong></span> <span class='ocrx_word' id='word_1_349' title='bbox 969 3851 1019 3915; x_wconf 91' lang='lat' dir='ltr'><strong>est,</strong></span> <span class='ocrx_word' id='word_1_350' title='bbox 1046 3848 1079 3901; x_wconf 84' lang='lat' dir='ltr'><strong>ab</strong></span> <span class='ocrx_word' id='word_1_351' title='bbox 1106 3863 1136 3900; x_wconf 83' lang='lat' dir='ltr'><strong>ea</strong></span> <span class='ocrx_word' id='word_1_352' title='bbox 1163 3845 1272 3914; x_wconf 80' lang='lat' dir='ltr'><strong>platani,</strong></span> <span class='ocrx_word' id='word_1_353' title='bbox 1300 3844 1402 3898; x_wconf 87' lang='lat' dir='ltr'><strong>roboris</strong></span> <span class='ocrx_word' id='word_1_354' title='bbox 1428 3846 1455 3896; x_wconf 89' lang='lat' dir='ltr'><strong>et</strong></span> <span class='ocrx_word' id='word_1_355' title='bbox 1482 3841 1586 3911; x_wconf 81' lang='lat' dir='ltr'><strong>glandi·</strong></span> 
     </span>
     <span class='ocr_line' id='line_1_38' title="bbox 192 3932 1022 4010; baseline -0.002 -22"><span class='ocrx_word' id='word_1_356' title='bbox 192 3934 215 4003; x_wconf 91' lang='lat' dir='ltr'><strong>I,</strong></span> <span class='ocrx_word' id='word_1_357' title='bbox 234 3940 259 4004; x_wconf 85' lang='lat'><strong>6,</strong></span> <span class='ocrx_word' id='word_1_358' title='bbox 276 3941 309 3992; x_wconf 82' lang='lat'><strong>3:</strong></span> <span class='ocrx_word' id='word_1_359' title='bbox 337 3934 371 3990; x_wconf 83' lang='grc' dir='ltr'><strong>τὰ</strong></span> <span class='ocrx_word' id='word_1_360' title='bbox 398 3939 444 4008; x_wconf 81' lang='grc' dir='ltr'><strong>μὲν</strong></span> <span class='ocrx_word' id='word_1_361' title='bbox 472 3933 520 4010; x_wconf 79' lang='grc' dir='ltr'><strong>γὰρ</strong></span> <span class='ocrx_word' id='word_1_362' title='bbox 548 3932 690 4008; x_wconf 72' lang='grc' dir='ltr'>πολύρριζον</span> <span class='ocrx_word' id='word_1_363' title='bbox 713 3933 758 3988; x_wconf 77' lang='grc' dir='ltr'><strong>καὶ</strong></span> <span class='ocrx_word' id='word_1_364' title='bbox 782 3952 830 4004; x_wconf 79' lang='grc' dir='ltr'><strong>μα·</strong></span> <span class='ocrx_word' id='word_1_365' title='bbox 882 3935 1022 3989; x_wconf 80' lang='lat' dir='ltr'><strong>ferarum“.</strong></span> 
     </span>
     <span class='ocr_line' id='line_1_39' title="bbox 111 4020 808 4099; baseline -0.011 -19"><span class='ocrx_word' id='word_1_366' title='bbox 111 4022 256 4099; x_wconf 56' lang='grc' dir='ltr'>πρόρριζα,</span> <span class='ocrx_word' id='word_1_367' title='bbox 275 4021 396 4098; x_wconf 76' lang='grc' dir='ltr'>καθάπερ</span> <span class='ocrx_word' id='word_1_368' title='bbox 416 4028 489 4096; x_wconf 81' lang='grc' dir='ltr'>συκῆ,</span> <span class='ocrx_word' id='word_1_369' title='bbox 510 4023 575 4095; x_wconf 77' lang='grc' dir='ltr'>δρῦς,</span> <span class='ocrx_word' id='word_1_370' title='bbox 595 4020 734 4080; x_wconf 80' lang='grc' dir='ltr'>πλάτανος.</span> <span class='ocrx_word' id='word_1_371' title='bbox 804 4032 808 4037; x_wconf 85' lang='grc'><strong>’</strong></span> 
     </span>
     <span class='ocr_line' id='line_1_40' title="bbox 192 4104 831 4182; baseline -0.011 -15"><span class='ocrx_word' id='word_1_372' title='bbox 192 4114 218 4167; x_wconf 89' lang='grc'><strong>4.</strong></span> <span class='ocrx_word' id='word_1_373' title='bbox 248 4104 326 4165; x_wconf 77' lang='grc' dir='ltr'><strong>Ἐστι</strong></span> <span class='ocrx_word' id='word_1_374' title='bbox 348 4113 376 4166; x_wconf 81' lang='grc' dir='ltr'><strong>δὲ</strong></span> <span class='ocrx_word' id='word_1_375' title='bbox 399 4114 444 4165; x_wconf 74' lang='grc' dir='ltr'><strong>καὶ</strong></span> <span class='ocrx_word' id='word_1_376' title='bbox 468 4108 501 4164; x_wconf 78' lang='grc' dir='ltr'><strong>τὰ</strong></span> <span class='ocrx_word' id='word_1_377' title='bbox 526 4106 740 4182; x_wconf 73' lang='grc' dir='ltr'>μὲνβαθύρριζα,</span> <span class='ocrx_word' id='word_1_378' title='bbox 767 4105 831 4160; x_wconf 74' lang='grc' dir='ltr'><strong>καθ·</strong></span> 
     </span>
     <span class='ocr_line' id='line_1_41' title="bbox 110 4196 279 4271; baseline -0.03 -18"><span class='ocrx_word' id='word_1_379' title='bbox 110 4196 191 4271; x_wconf 73' lang='grc' dir='ltr'>άπερ</span> <span class='ocrx_word' id='word_1_380' title='bbox 210 4197 279 4270; x_wconf 81' lang='grc' dir='ltr'>δρῦς.</span> 
     </span>
     <span class='ocr_line' id='line_1_42' title="bbox 192 4277 834 4359; baseline -0.017 -15"><span class='ocrx_word' id='word_1_381' title='bbox 192 4283 226 4337; x_wconf 71' lang='lat' dir='ltr'><strong>Of·</strong></span> <span class='ocrx_word' id='word_1_382' title='bbox 244 4281 296 4351; x_wconf 77' lang='lat' dir='ltr'><strong>III,</strong></span> <span class='ocrx_word' id='word_1_383' title='bbox 315 4289 341 4352; x_wconf 85' lang='lat'><strong>6,</strong></span> <span class='ocrx_word' id='word_1_384' title='bbox 358 4289 384 4342; x_wconf 82' lang='lat'><strong>4.</strong></span> <span class='ocrx_word' id='word_1_385' title='bbox 421 4282 638 4359; x_wconf 71' lang='grc' dir='ltr'>βαθυρριξότατον</span> <span class='ocrx_word' id='word_1_386' title='bbox 658 4280 682 4338; x_wconf 84' lang='grc' dir='ltr'><strong>δ’</strong></span> <span class='ocrx_word' id='word_1_387' title='bbox 696 4277 741 4337; x_wconf 76' lang='grc' dir='ltr'><strong>οὖν</strong></span> <span class='ocrx_word' id='word_1_388' title='bbox 761 4283 834 4335; x_wconf 78' lang='grc' dir='ltr'>δοκεῖ</span> 
     </span>
     <span class='ocr_line' id='line_1_43' title="bbox 109 4367 525 4447; baseline -0.012 -19"><span class='ocrx_word' id='word_1_389' title='bbox 109 4378 173 4428; x_wconf 74' lang='grc' dir='ltr'><strong>τῶν</strong></span> <span class='ocrx_word' id='word_1_390' title='bbox 194 4367 289 4445; x_wconf 77' lang='grc' dir='ltr'>ἀγρίων</span> <span class='ocrx_word' id='word_1_391' title='bbox 309 4371 373 4427; x_wconf 80' lang='grc' dir='ltr'>εἶναι</span> <span class='ocrx_word' id='word_1_392' title='bbox 392 4368 410 4445; x_wconf 76' lang='grc' dir='ltr'><strong>ἡ</strong></span> <span class='ocrx_word' id='word_1_393' title='bbox 428 4379 525 4447; x_wconf 82' lang='grc' dir='ltr'>πρῖνος.</span> 
     </span>
     <span class='ocr_line' id='line_1_44' title="bbox 193 4454 831 4532; baseline -0.013 -14"><span class='ocrx_word' id='word_1_394' title='bbox 193 4457 259 4528; x_wconf 65' lang='lat' dir='ltr'><strong>Li,</strong></span> <span class='ocrx_word' id='word_1_395' title='bbox 280 4463 304 4518; x_wconf 88' lang='lat' dir='ltr'><strong>l.</strong></span> <span class='ocrx_word' id='word_1_396' title='bbox 334 4456 371 4513; x_wconf 76' lang='lat' dir='ltr'><strong>‘H</strong></span> <span class='ocrx_word' id='word_1_397' title='bbox 387 4464 447 4532; x_wconf 79' lang='grc' dir='ltr'>γοῦν</span> <span class='ocrx_word' id='word_1_398' title='bbox 466 4461 493 4514; x_wconf 81' lang='grc' dir='ltr'><strong>ἐν</strong></span> <span class='ocrx_word' id='word_1_399' title='bbox 512 4463 550 4530; x_wconf 80' lang='grc' dir='ltr'><strong>τῷ</strong></span> <span class='ocrx_word' id='word_1_400' title='bbox 564 4455 667 4532; x_wconf 77' lang='grc' dir='ltr'>Λυκείῳ</span> <span class='ocrx_word' id='word_1_401' title='bbox 693 4454 831 4520; x_wconf 78' lang='grc' dir='ltr'>πλάτανος,</span> 
     </span>
     <span class='ocr_line' id='line_1_45' title="bbox 111 4541 832 4621; baseline -0.006 -20"><span class='ocrx_word' id='word_1_402' title='bbox 111 4546 139 4620; x_wconf 79' lang='grc' dir='ltr'>ἡ</span> <span class='ocrx_word' id='word_1_403' title='bbox 159 4543 231 4601; x_wconf 79' lang='grc' dir='ltr'>κατὰ</span> <span class='ocrx_word' id='word_1_404' title='bbox 248 4547 292 4601; x_wconf 72' lang='grc' dir='ltr'><strong>τὸν</strong></span> <span class='ocrx_word' id='word_1_405' title='bbox 313 4542 413 4621; x_wconf 81' lang='grc' dir='ltr'>ὀχετὸν,</span> <span class='ocrx_word' id='word_1_406' title='bbox 432 4547 469 4600; x_wconf 80' lang='grc' dir='ltr'><strong>ἔτι</strong></span> <span class='ocrx_word' id='word_1_407' title='bbox 487 4548 534 4600; x_wconf 79' lang='grc' dir='ltr'><strong>νέα</strong></span> <span class='ocrx_word' id='word_1_408' title='bbox 553 4541 618 4599; x_wconf 78' lang='lat' dir='ltr'><strong>oden</strong></span> <span class='ocrx_word' id='word_1_409' title='bbox 630 4548 689 4618; x_wconf 81' lang='grc' dir='ltr'>περὶ</span> <span class='ocrx_word' id='word_1_410' title='bbox 702 4551 771 4617; x_wconf 75' lang='grc' dir='ltr'><strong>τρεῖς</strong></span> <span class='ocrx_word' id='word_1_411' title='bbox 788 4546 832 4598; x_wconf 82' lang='grc' dir='ltr'><strong>καὶ</strong></span> 
     </span>
     <span class='ocr_line' id='line_1_46' title="bbox 112 4627 832 4709; baseline -0.007 -20"><span class='ocrx_word' id='word_1_412' title='bbox 112 4635 266 4709; x_wconf 55' lang='lat' dir='ltr'><strong>epicurusne</strong></span> <span class='ocrx_word' id='word_1_413' title='bbox 283 4629 379 4708; x_wconf 73' lang='grc' dir='ltr'>πήχεις</span> <span class='ocrx_word' id='word_1_414' title='bbox 398 4629 507 4706; x_wconf 81' lang='grc' dir='ltr'>ἀφῆκεν,</span> <span class='ocrx_word' id='word_1_415' title='bbox 528 4633 625 4707; x_wconf 77' lang='grc' dir='ltr'>ἔχουσα</span> <span class='ocrx_word' id='word_1_416' title='bbox 643 4629 723 4686; x_wconf 76' lang='grc' dir='ltr'>τόπον</span> <span class='ocrx_word' id='word_1_417' title='bbox 736 4651 765 4685; x_wconf 83' lang='grc' dir='ltr'><strong>τε</strong></span> <span class='ocrx_word' id='word_1_418' title='bbox 778 4627 832 4703; x_wconf 76' lang='grc' dir='ltr'><strong>ἅμα</strong></span> 
     </span>
     <span class='ocr_line' id='line_1_47' title="bbox 112 4717 298 4795; baseline -0.016 -18"><span class='ocrx_word' id='word_1_419' title='bbox 112 4723 169 4777; x_wconf 57' lang='grc' dir='ltr'><strong>καὶ</strong></span> <span class='ocrx_word' id='word_1_420' title='bbox 186 4717 298 4795; x_wconf 72' lang='grc' dir='ltr'>τροφήν.</span> 
     </span>
    </p>
   </div>
   <div class='ocr_carea' id='block_1_5' title="bbox 0 0 1663 5436">
    <p class='ocr_par' dir='ltr' id='par_1_6' title="bbox 0 0 1663 5436">
     <span class='ocr_line' id='line_1_48' title="bbox 0 0 1663 5436; baseline 0 0"><span class='ocrx_word' id='word_1_421' title='bbox 0 0 1663 5436; x_wconf 95' lang='lat' dir='ltr'><strong> </strong></span> 
     </span>
    </p>
   </div>
  </div>
 </body>
</html>
