3292 5436
216 321 308 376 initio:
325 319 419 385 κισσὸς,
433 322 457 375 ολ
471 322 499 376 δὲ
512 320 628 395 κίθαρον,
642 323 666 376 ολ
679 323 706 376 δὲ
718 326 849 396 κίσσαρον,

118 432 126 445 ι
147 411 172 463 οἱ
191 411 219 462 δὲ
237 407 426 483 χρυσόκαριτον,
446 409 470 462 ολ
482 409 510 463 δὲ
522 407 653 481 ποιητική,
673 410 696 463 οἱ
715 411 742 464 δὲ
754 430 849 483 κορυμ-

147 495 240 570 βήθρα,
260 497 357 550 ἰδιῶται
375 494 469 560 νῦσιον,
489 497 513 549 οἰ
531 497 559 550 δὲ
577 494 718 550 Διονῦσιον.

896 321 1062 398 1Βιιοολιίοααι
1091 325 1201 388 vocant,
1237 323 1374 377 maxumis
1411 323 1489 378 inter
1523 323 1610 391 nigms

902 410 1046 478 corymbis.
1091 409 1200 478 quidam
1224 411 1295 478 apud
1320 408 1439 464 Graecos
1465 411 1609 464 etiamnum

902 497 956 550 duo
974 513 1070 563 genera
1087 496 1170 550 huius
1193 496 1296 550 iaciunt
1319 513 1334 550 a
1352 497 1444 552 colere
1464 498 1609 565 aoinomm,

901 584 1074 652 erythranum
1091 586 1119 636 et
1136 583 1353 652 chrysocarpum.

252 678 399 752 Fortasse
420 687 547 750 Plinius
571 690 681 754 eedem
705 698 834 754 auctore
857 698 953 773 atque
975 689 1177 754 Dioscorides
1200 709 1280 754 usus
1304 698 1360 754 est.

216 807 266 875 ΙΙΙ,
298 812 339 873 18,
372 813 396 863 7.
440 806 475 862 Ἥ
506 809 539 863 δὲ
569 808 607 882 δὴ
639 810 707 871 ἕλιξ
734 811 766 863 ἐν
794 831 849 882 με·

145 897 279 968 γίσταις
326 897 524 968 διαφοραῖς·
573 899 629 950 καὶ
675 896 734 971 γὰρ
779 905 849 958 τοῖς

147 981 289 1058 φῦλλοις
324 983 484 1036 πλεῖστον
527 985 694 1057 διαφέρει,
735 989 773 1058 τῇ
815 1005 849 1039 τε

147 1067 332 1143 μικρότητι
359 1071 415 1124 καὶ
442 1075 486 1141 τῷ
506 1072 686 1143 γωνιοειδη
713 1074 769 1125 καὶ
796 1068 849 1126 εῦ-

149 1155 344 1231 ρυθρότερα
380 1157 479 1221 εἶναι,
515 1155 553 1210 τὰ
586 1158 620 1212 δὲ
649 1164 706 1213 τοῦ
733 1164 849 1213 κιττοῦ

147 1247 349 1318 περιφερὲστεροι
375 1246 419 1298 καὶ
447 1240 553 1298 διπλᾶ·
587 1247 643 1299 καὶ
675 1251 719 1316 τῷ
749 1243 850 1317 μήκει

147 1335 207 1384 τῶν
235 1330 433 1402 κλημάτων,
468 1333 524 1384 καὶ
555 1331 603 1384 ἔτι
632 1335 675 1401 τῷ
700 1326 850 1404 ῦκοιρττος

146 1418 242 1472 areat.
274 1416 450 1472 Διατείνονται
467 1415 515 1490 γάρ
534 1437 600 1477 τινες
613 1416 650 1488 μὴ
664 1413 850 1472 ἀποκιττοῦδαι

145 1503 193 1576 τὴν
228 1503 302 1577 φῦσει
331 1506 417 1568 ἕλικα,
452 1501 518 1558 ἀλλὰ
542 1501 589 1575 τήν
621 1505 650 1556 ἐκ
685 1510 731 1559 τοῦ
761 1511 849 1559 κιττοῦ

147 1594 338 1663 τελειοῦμένην.
381 1589 412 1644 El
430 1591 458 1644 δὲ
475 1596 563 1645 πᾶσα
589 1587 848 1656 ἀποκιττοῦτσιι,

146 1675 266 1751 καθάπερ
291 1680 357 1737 τινές
383 1698 467 1750 φασιν,
494 1674 630 1749 ἡλικίας
656 1674 691 1733 ἂν
716 1679 769 1751 εἴη
795 1681 849 1732 καὶ

972 811 1074 878 ξ148,
1129 809 1313 864 Plurumas
1354 811 1475 864 autern
1510 810 1608 865 hahet

903 899 1133 952 differentias
1169 895 1282 962 helix,
1319 897 1488 965 queniam
1523 899 1608 953 folio

902 1001 1060 1038 maxume
1084 985 1200 1038 distat.
1256 999 1360 1052 parva
1387 986 1532 1038 sunt-et
1554 1002 1606 1038 an·
1636 1028 1638 1033 .

902 1071 1023 1140 gulosa
1058 1071 1372 1138 communioneque,
1408 1086 1490 1122 cum
1526 1072 1606 1125 reli·
1635 1062 1638 1093 ¹

903 1175 1045 1229 quorum
1089 1174 1252 1227 generum
1296 1156 1488 1224 simplicia
1530 1158 1638 1219 sint3

903 1247 985 1300 distat
1008 1250 1042 1300 et
1066 1244 1288 1311 longitudine
1311 1243 1604 1310 internodiorum,
1636 1232 1638 1273 3

902 1332 1044 1400 praecipue
1071 1335 1160 1384 tamen
1191 1331 1408 1394 sterilitate,
1447 1331 1604 1398 quoniam

902 1421 1057 1472 fructum
1097 1434 1161 1472 nou
1201 1418 1325 1485 gignit.
1389 1417 1506 1486 quidam
1549 1408 1638 1473 hocf

902 1506 1026 1559 aetatis
1044 1519 1134 1571 esse,
1153 1520 1214 1557 non
1232 1505 1368 1571 generis
1389 1504 1603 1570 existimant,

902 1591 1043 1660 primoque
1066 1591 1216 1644 helicem
1241 1606 1308 1656 esse,
1336 1590 1421 1645 fieri
1448 1590 1602 1646 hederam
1635 1654 1638 1661 1

902 1680 1088 1732 vetustate.
1429 1674 1432 1679 ’
1634 1692 1638 1819 ρ

146 1765 346 1828 διαθέσεως,
366 1761 426 1819 οῦκ
445 1765 555 1825 εἴδους
573 1762 590 1838 ἡ
610 1763 763 1840 διαφοραί.
1635 1824 1638 1869 i

253 1869 360 1933 Verba
382 1869 590 1947 ,διατείνονται
613 1920 688 1934 ....
710 1871 916 1955 τελειουμένη“
940 1877 1023 1934 certe
1040 1877 1187 1954 corrupta
1208 1871 1295 1934 varie
1310 1870 1488 1934 emendare
1504 1870 1601 1934 eonati
1635 1872 1638 1951 l

148 1975 434 2052 suntviridoot13
470 1994 607 2057 quorum
631 1976 829 2039 coniecturas
852 1975 1000 2058 equidem
1025 1994 1090 2037 non
1115 1975 1223 2058 probe,
1255 1994 1329 2037 cum
1352 1974 1453 2038 verba
1484 1971 1602 2051 ,διατεί-
1633 1970 1638 2033 l

145 2101 242 2141 νονται
264 2078 338 2163 ηάρλί
369 2084 425 2141 aut
454 2079 489 2140 in
518 2079 579 2141 alio
610 2080 679 2142 loco
702 2081 868 2162 posuerint
898 2085 954 2141 aut
984 2077 1077 2163 ,,γοίρ“
1107 2080 1141 2140 in
1172 2078 1243 2154 ,ὂὲ“
1276 2078 1488 2158 mutaverint,
1524 2077 1601 2162 quod

147 2183 225 2244 mihi
258 2182 375 2245 falsum
406 2201 475 2245 esse
497 2183 633 2246 videtur.
692 2182 782 2246 Certe
804 2182 1037 2266 Theophrastus
1067 2185 1119 2245 hic
1149 2185 1229 2246 duas
1262 2184 1404 2246 diversas
1437 2184 1602 2265 opiniones

150 2285 248 2350 adfert
271 2292 302 2349 et
324 2305 375 2348 me
399 2286 527 2368 quidem
551 2287 658 2349 iudice
681 2288 758 2377 haec
781 2287 884 2350 dicere
907 2288 993 2350 vrult:
1028 2288 1118 2368 „Alii
1149 2294 1267 2370 negant
1295 2287 1432 2350 helicem
1456 2287 1600 2350 hederam

145 2389 233 2466 fieri,
277 2391 332 2454 sed
363 2391 530 2474 'proprium
565 2410 668 2473 genus
703 2409 772 2454 esse
805 2391 940 2454 helicem
975 2391 1192 2462 contendunt,
1235 2391 1288 2454 alii
1322 2398 1435 2454 eontra
1471 2390 1598 2454 helicem

145 2497 307 2578 proprium
343 2515 447 2578 genus
475 2514 544 2559 esse
574 2501 703 2578 negant,
738 2495 793 2558 sed
821 2495 878 2558 has
910 2493 1115 2576 differentias,
1159 2515 1239 2578 quas
1271 2495 1324 2559 alii
1355 2494 1451 2558 helici
1485 2495 1604 2578 proprie

144 2598 343 2680 adtribuunt,
377 2601 510 2663 hederae
540 2601 642 2683 ipsius
673 2618 742 2662 esse
772 2598 983 2678 centendunt,
1018 2617 1100 2681 quae
1132 2600 1209 2662 alias
1240 2607 1332 2662 notas
1366 2600 1400 2661 in
1425 2599 1601 2675 iuventute,

144 2703 222 2765 alias
252 2705 286 2765 in
315 2709 472 2767 vetustate
501 2703 645 2766 nabeat‘t
698 2702 747 2783 (cf.
771 2702 797 2784 Ι,
828 2703 879 2783 10,
905 2704 920 2765 1
957 2702 1014 2765 ubi
1051 2703 1254 2784 differentiae,
1289 2721 1372 2786 quae
1401 2702 1491 2766 inter
1524 2702 1602 2777 folia,

143 2806 255 2870 helicis
278 2813 308 2870 et
330 2806 464 2871 hederae
495 2806 690 2870 intercedere
719 2806 771 2868 hic
799 2806 961 2886 dicuutur,
998 2807 1038 2869 ad
1068 2812 1202 2870 aetatem
1231 2806 1365 2869 hederae
1395 2807 1598 2881 referuntur.)

44 2956 45 2960 ,
143 2908 286 2973 Priorem
307 2912 490 2993 opinionem
507 2912 698 2995 explicatam
716 2929 785 2974 esse
802 2918 879 2993 puto
896 2912 1071 2974 sententia:
1096 2907 1312 2987 ,Διατείνοντοιι
1327 2946 1369 2956 -
1384 2909 1599 2994 τελειοομὲνη“,

143 3017 347 3097 posteriorem
376 3017 544 3095 sententia,
576 3035 655 3100 quae
679 3017 833 3100 sequitur.
893 3013 1031 3078 Priorem
1067 3016 1258 3078 seutentiam
1288 3014 1391 3078 adtuli
1422 3015 1598 3078 secundnm

146 3119 371 3200 coniecturam,
407 3139 502 3202 quam
538 3119 598 3182 Ed.
625 3119 837 3184 Schwartzius
873 3119 1010 3202 benigue
1044 3138 1169 3182 mecum
1206 3119 1475 3182 communicavit:
1514 3119 1598 3196 „daa-

141 3220 282 3285 τείνονται
315 3221 370 3307 γάρ
404 3246 477 3294 τινες
512 3221 552 3306 μὴ
588 3221 817 3288 ἀποκιττοῦσῧοιι
849 3221 900 3306 τὴν
934 3221 1020 3308 φύσει
1052 3222 1144 3298 ἕλικα,
1179 3221 1257 3286 ἀλλὰ
1287 3221 1339 3306 τὴν
1369 3222 1403 3285 ἐκ
1431 3227 1485 3286 τοῦ
1508 3222 1599 3287 κιττοῦ

142 3326 371 3411 τελειουμένηνίι
417 3328 576 3391 Particula
601 3327 693 3414 ,,·(ἀρ“
717 3331 803 3392 enim
826 3329 878 3390 hic
899 3347 1030 3411 prorsus
1055 3347 1113 3391 suo
1137 3328 1205 3390 leco
1229 3334 1340 3391 exstat
1386 3325 1471 3390 Nam
1505 3328 1597 3392 Theo·

142 3432 290 3516 phrastus
313 3435 347 3494 in
370 3433 422 3507 iis,
451 3452 534 3515 quae
557 3434 761 3513 antecedunt,
793 3433 986 3496 differentias
1008 3436 1092 3496 inter
1114 3432 1251 3495 helicem
1276 3439 1308 3494 et
1330 3430 1483 3494 hederam
1507 3434 1598 3495 iuter·

142 3538 289 3600 cedentes
313 3538 521 3617 enumeravit,
552 3538 643 3620 qnasi
674 3538 835 3621 proprium
867 3556 971 3619 genus
1003 3537 1044 3599 sit
1067 3536 1169 3615 helix,
1203 3554 1295 3598 nune
1317 3535 1422 3597 addit:
1460 3534 1600 3619 „Negant

66 3676 69 3683 ·
141 3643 227 3704 enim
262 3641 409 3703 nonnulli
448 3641 597 3703 hederam
630 3639 699 3703 fieri
734 3659 861 3704 omnem
896 3641 1041 3720 helicem,
1080 3660 1154 3703 cum
1195 3639 1395 3702 contendunt
1433 3658 1501 3702 non
1540 3637 1600 3702 fieri

139 3746 288 3810 hederam
312 3744 364 3827 την
387 3743 472 3830 φύσει
496 3745 593 3821 ἕλικα,
619 3744 688 3809 fieri
719 3751 848 3809 tantum
882 3745 951 3828 ,τὴν
976 3746 1009 3808 ἐκ
1031 3748 1083 3806 τοῦ
1103 3747 1202 3806 κιττοῦ
1223 3740 1453 3826 τελειοορὲνην“.
1499 3740 1599 3806 Talem

141 3851 332 3913 divisionem
365 3850 441 3912 huic
475 3850 633 3914 sententia
666 3852 772 3914 inesse
806 3850 934 3933 adparet
964 3868 1005 3913 ex
1037 3848 1143 3912 verbis
1175 3867 1260 3930 quae
1283 3853 1456 3911 secuntur:
1494 3847 1542 3924 ,εἰ
1572 3843 1600 3908 δὲ

139 3959 241 4017 πᾶσα
265 3951 496 4030 ἀποκιττοῦται“,
520 3974 561 4019 ex
586 3954 705 4037 quibus
729 3956 876 4036 sequitur
897 3953 1013 4034 verbis,
1037 3972 1119 4035 quae
1138 3952 1341 4034 antecedunt,
1364 3970 1429 4013 nou
1448 3958 1597 4035 negatum

139 4078 209 4122 esse
232 4077 357 4122 omnem
382 4059 515 4121 helicem
539 4056 776 4133 ἀποκιττοόσθαι,
801 4061 857 4121 sed
881 4058 1140 4121 distributionem
1163 4057 1278 4119 factam
1300 4057 1334 4119 in
1360 4055 1442 4118 duas
1467 4057 1597 4140 species,

141 4183 278 4247 quarum
302 4163 398 4226 altera
422 4164 537 4226 hedera
560 4163 658 4243 fieret,
681 4163 778 4226 altera
801 4181 875 4224 non.

208 4281 280 4336 Haec
297 4281 411 4335 ridicula
429 4284 456 4335 et
475 4282 601 4336 festinate
619 4281 718 4349 scripta
736 4286 808 4334 suut.
965 4284 980 4352 g
1003 4286 1061 4337 149.
1097 4279 1210 4346 „horum
1229 4282 1302 4331 erre'r
1320 4277 1484 4333 manifestus
1500 4278 1601 4333 intelle·

891 4367 974 4434 gitur,
995 4366 1140 4434 quoniam‘t

208 4461 232 4514 8,
269 4455 350 4527 Εἴδη
376 4452 482 4509 δ’ἐστὶ
507 4456 611 4508 πλείω
636 4459 693 4526 τῆς
712 4455 838 4518 ἕλικος,

138 4541 175 4605 ὡς
195 4548 250 4616 μὲν
276 4541 314 4597 τὰ
332 4545 596 4616 προφανέστατα
620 4544 676 4596 καὶ
699 4545 840 4613 μέγιστα

138 4633 233 4703 λαβεῖν,
256 4632 346 4704 τρία·
374 4624 444 4701 ἥτε
463 4628 575 4704 χλωρὰ
601 4631 657 4682 καὶ
680 4625 839 4701 ποιώδης,

136 4714 221 4792 ἥπερ
240 4722 296 4772 καὶ
313 4717 473 4787 πλείστη·
493 4720 548 4771 καὶ
567 4717 668 4789 ἑτέρα
686 4713 705 4786 ἡ
723 4713 840 4786 λευκή·

961 4452 1093 4507 helicis
1111 4452 1208 4520 plura
1226 4467 1346 4519 genera
1364 4453 1600 4519 reperiuntur,

893 4540 953 4593 sed
970 4540 1040 4594 tria
1058 4555 1212 4592 maxume
1230 4538 1406 4607 insignia:
1431 4538 1601 4594 herbacea

892 4644 928 4681 ac
947 4628 1082 4692 sirene,
1107 4642 1192 4694 quae
1216 4627 1377 4693 pluruma
1399 4627 1470 4690 est,
1500 4627 1600 4681 altera

894 4713 1042 4768 candido
1060 4712 1133 4779 folio,
1152 4713 1258 4766 tertia
1276 4711 1505 4782 versicolori,
1525 4726 1601 4782 quaa

1497 5066 1540 5159 s
1629 5054 1638 5183 ι
