3292 5436
762 100 802 165 41

45 309 302 395 germinationes
316 308 458 370 maxime
484 309 594 371 sentiri
616 310 650 371 in
674 307 745 387 fico,
768 309 843 389 vite,
865 311 986 392 punica
1010 310 1097 393 dicit,
1126 313 1278 394 quoniam
1300 313 1334 374 in
1349 309 1511 375 Thessalia
1534 372 1536 377 .

46 413 307 496 Macedoniaque
331 417 409 475 tune
431 411 582 494 pluruma
603 411 685 475 ficus
709 418 810 493 exeat,
834 415 927 494 quasi
949 414 1076 497 legerit:
1111 414 1174 491 ,διδ
1205 412 1254 478 καὶ
1277 413 1329 498 τὴν
1353 419 1442 498 συνῆν
1467 412 1510 478 ἐπ’

43 515 205 603 ἀρκτούρῳ
227 512 365 597 πλείστην
387 519 466 578 κτλ.“
522 516 584 579 Sed
613 517 691 580 haec
721 515 859 598 profecto
888 519 922 580 in
951 518 1071 599 codice,
1101 539 1165 602 quo
1195 519 1322 582 Plinius
1352 520 1513 601 utebatur,

46 623 215 688 exstitisse
238 639 303 682 non
328 624 418 702 puto,
440 621 538 682 immo
561 638 635 683 eum
659 639 774 702 parum
797 620 966 703 diligenter
988 621 1196 706 Theophrasti
1218 621 1317 686 verba
1341 624 1512 706 perlegisse
1596 632 1599 637 '

46 727 202 808 falsoque
219 729 352 808 ·,,συκῆν“
375 731 447 806 post
470 721 558 806 ,,τήν“
581 724 790 807 supplevisse.

158 827 227 893 Sub
258 827 357 891 finem
388 828 465 891 dicit
495 827 636 892 Plinius:
673 847 845 907 „maxume
879 834 985 892 tamen
1018 832 1052 892 in
1088 832 1236 915 Aegypto
1272 831 1400 912 adparet
1434 831 1512 896 haec

46 935 166 1014 rati0“‚
188 932 440 1014 Theophrastus:
475 928 558 1006 ,ἐπεὶ
588 928 638 993 καὶ
666 933 696 994 ἐν
720 930 859 1016 Αἰγύπτῳ
882 931 930 995 διά
952 931 1037 996 τοῦδ’
1054 932 1092 1006 ὡς
1116 934 1204 996 εἰπεῖν
1228 931 1275 997 ἀεὶ
1299 933 1455 1018 βλαστάνει
1476 934 1513 998 τά

49 1037 160 1122 δένδρα
191 1031 211 1118 ἢ
241 1032 291 1098 καὶ
322 1033 422 1119 μικρόν
453 1059 515 1099 τινα
546 1033 690 1098 διαλείπει
719 1034 842 1122 χρόνσν“
865 1039 884 1099 i.
912 1057 938 1100 e.
986 1037 1089 1119 „Nam
1120 1044 1151 1102 et
1178 1040 1212 1100 in
1242 1040 1392 1120 Aegypto
1416 1057 1452 1101 ea
1476 1038 1515 1102 de

52 1161 153 1205 causa
178 1143 208 1220 (i.
224 1159 251 1204 e.
267 1137 308 1202 ob
325 1139 383 1202 soli
399 1138 575 1203 ubertatem
599 1146 630 1204 et
653 1140 733 1204 caeli
752 1140 925 1219 lenitatem)
950 1160 1074 1225 semper
1095 1143 1159 1206 fere
1182 1141 1310 1205 arbores
1332 1143 1515 1224 germinant

54 1252 113 1310 aut
149 1250 233 1308 certe
267 1243 435 1326 paululum
468 1245 620 1326 temporis
653 1245 897 1326 intermittunt“‚
931 1264 1005 1308 cum
1041 1246 1140 1309 Plinii
1167 1245 1265 1309 verba
1298 1265 1349 1309 me
1380 1246 1513 1329 quidem

51 1350 162 1414 iudice
185 1367 251 1411 non
274 1347 373 1411 alium
397 1366 529 1411 sensum
552 1349 615 1410 nisi
639 1349 727 1411 hunc
749 1349 936 1451 praebeant:
961 1369 1114 1414 maxume
1137 1352 1171 1413 in
1191 1351 1337 1433 Aegypto
1361 1349 1513 1432 adparere

46 1454 304 1536 germinationes
327 1453 480 1515 aestivam
503 1456 534 1514 et
556 1453 690 1514 tertiam.

123 1571 175 1639 ΠΙ,
193 1576 219 1638 5,
239 1576 261 1628 1.
290 1567 472 1641 Σνρ.βαίνειδ’,
492 1567 569 1625 όταν
589 1567 754 1645 ἄρξωνται

45 1656 329 1731 βλαστάνειν,τά
354 1661 411 1729 μὲν
436 1653 520 1712 ἄλλα
543 1664 669 1733 συνεχῆ
694 1657 754 1730 τήν

44 1768 80 1802 τε
101 1744 284 1818 βλάστησιν
309 1748 353 1798 καὶ
371 1744 419 1817 τὴν
439 1741 544 1817 αὔξησιν
564 1747 753 1809 ποιεῖσθαι,

43 1831 174 1904 πεόκην
200 1833 234 1886 δὲ
260 1834 316 1886 καὶ
342 1830 465 1904 ἐλάτην
493 1834 550 1886 καὶ
580 1834 658 1906 δρῦν
684 1834 755 1886 δια-

42 1921 195 1984 λείπειν,
225 1921 282 1974 καὶ
311 1926 402 1992 τρεῖς
433 1917 535 1992 ὁρμὰς
566 1919 668 1982 εἶναι,
699 1921 755 1972 καὶ

41 2011 139 2078 τρεῖς
158 2001 488 2078 άφιέναιβλαστοός.
516 2004 754 2079 Διδκαὶτρίσ-

43 2095 159 2146 λοποι.
184 2091 249 2146 llas
268 2091 327 2166 γὰρ
347 2092 385 2164 δὴ
405 2093 558 2166 δένδρον,
578 2089 658 2147 όταν
677 2095 754 2164 βλα-

41 2176 170 2252 στάνη,
190 2180 288 2251 λοπᾷ·
307 2185 432 2251 πρῶτον
452 2183 508 2251 μὲν
533 2175 635 2252 άκρσν
655 2182 755 2253 ἔαρος

42 2262 146 2326 εὐθὺς
170 2267 308 2339 ἱσταμένου
337 2273 383 2321 τοῦ
408 2268 591 2340 θαργηλιῶνος,
617 2268 643 2320 ἐν
670 2268 697 2320 δὲ
721 2269 753 2339 τῇ

37 2348 97 2426 Ἴδη
124 2356 201 2428 περὶ
228 2355 478 2408 πεντεκαίδεκα
505 2351 653 2425 μάλιστα
675 2351 754 2424 ἡμέ-

42 2459 117 2512 ρας·
151 2439 234 2511 μετὰ
268 2441 301 2495 δὲ
328 2446 431 2495 ταῦτα
461 2438 664 2495 διαλιπόντα
696 2443 754 2513 περὶ

40 2524 187 2600 τριάκοντα
223 2524 241 2599 ἢ
278 2532 362 2600 μικρῷ
395 2529 498 2588 πλείους
534 2526 754 2599 ἐπιβάλλεται

40 2611 147 2668 πάλιν
180 2609 303 2674 ἄλλους
335 2613 501 2685 βλαστοὺς
530 2610 576 2668 ἀπ’
597 2610 677 2687 άκρας
707 2620 754 2686 τῆς

41 2698 215 2774 κορυνήσεως
232 2706 280 2773 τῆς
298 2703 352 2755 ἐπὶ
370 2707 414 2772 τῷ
428 2704 584 2774 προτέρῳ
609 2703 752 2773 βλαστῷ·

39 2790 88 2864 καὶ
99 2787 134 2842 τὰ
145 2791 192 2859 μὲν
203 2782 266 2852 ἄνω,
280 2786 313 2842 τὰ
323 2785 387 2848 δἐἰς
396 2788 428 2842 τὰ
438 2786 533 2860 πλάγια
543 2786 632 2861 κάκλιρ
643 2796 754 2843 ποιεῖται

39 2872 92 2946 τὴν
114 2871 264 2946 βλάστησιν,
288 2876 359 2929 οἷον
378 2873 454 2946 γόνυ
473 2872 687 2948 ποιησάμενα
705 2875 752 2948 τὴν

38 2966 90 3014 τοῦ
120 2957 224 3033 πρώτου
258 2962 369 3032 βλαστοῦ
400 2959 521 3034 κορόνην,
553 2958 637 3036 ὥσπερ
664 2965 709 3016 καὶ
735 2961 752 3033 ἠ

37 3045 138 3120 πρώτη
160 3042 299 3120 βλάστησις
317 3050 380 3123 ἔχει.
417 3048 517 3103 Γίνεται
542 3050 569 3103 δὲ
592 3054 669 3102 τοῦτο
695 3052 753 3122 περὶ

878 1575 971 1641 ξ100,
1008 1574 1049 1627 lit
1072 1574 1228 1642 reliquae
1253 1573 1392 1642 quidem
1413 1573 1514 1627 arbo-

808 1677 877 1728 res,
896 1667 934 1714 ut
952 1663 1101 1729 primum
1119 1677 1275 1729 coepere,
1300 1661 1515 1714 continuant

808 1748 1111 1816 germinationem,
1148 1749 1252 1801 robur
1287 1751 1320 1800 et
1350 1747 1450 1800 abies
1480 1750 1515 1801 et

808 1835 900 1889 larix
946 1836 1195 1889 intermittunt
1246 1833 1431 1902 tripertito
1479 1849 1514 1887 ac

807 1925 904 1975 terna
934 1924 1089 1991 germina
1117 1922 1232 1975 edunt.
1281 1921 1359 1974 ideo
1392 1922 1426 1974 et
1461 1921 1516 1974 ter

808 2024 967 2077 squamas
997 2006 1170 2063 corticum
1203 2011 1390 2075 spargunt,
1424 2001 1514 2075 quod

808 2097 967 2150 omnibus
986 2096 1171 2150 arboribus
1195 2095 1230 2147 in
1253 2094 1513 2162 germinatione

807 2183 941 2251 evenit,
984 2183 1111 2252 quoniam
1152 2182 1337 2250 praegnatium
1376 2181 1513 2249 rumpitur

808 2272 907 2323 cortex.
948 2274 1003 2323 est
1030 2272 1145 2323 autem
1174 2269 1283 2336 prima
1312 2285 1428 2322 earum
1457 2268 1513 2320 in·
1588 2312 1594 2325 ‚

807 2357 963 2425 cipiente
995 2373 1075 2410 vere
1108 2357 1256 2410 circiter
1287 2355 1348 2408 XV
1375 2355 1512 2409 diebus

806 2443 936 2496 iterum
971 2443 1166 2510 germinant
1202 2440 1356 2496 transeunte
1388 2442 1509 2510 geminos

806 2530 870 2585 sole.
924 2530 965 2583 sic
996 2530 1027 2581 fit
1056 2531 1087 2582 ut
1116 2530 1201 2597 prima
1230 2529 1370 2582 cacumina
1408 2527 1512 2596 impelli

807 2617 909 2670 secutis
953 2616 1091 2684 adpareat,
1139 2617 1343 2684 geniculato
1392 2615 1509 2668 incre·

806 2705 926 2758 mento.

876 2791 970 2854 Ι6101,
1005 2790 1110 2843 tertia
1127 2792 1182 2843 est
1198 2790 1386 2843 earundem
1403 2789 1438 2842 ad
1456 2791 1510 2847 sol·

807 2878 913 2930 stitium
931 2877 1157 2940 brevissima,
1181 2893 1242 2929 neo
1267 2876 1408 2930 diutius
1431 2891 1510 2943 sep·

806 2963 899 3017 tonis
926 2962 1065 3029 diebuS,
1094 2963 1216 3030 clareque
1244 2965 1271 3015 et
1298 2965 1362 3014 tuuc
1392 2963 1511 3016 cernitur

805 3049 1019 3102 excrescentium
1038 3050 1209 3102 cacuminum
1227 3048 1386 3103 articulatio.

38 3133 88 3188 τδν
111 3141 319 3208 σκιρροφοριιδνα
337 3133 458 3208 λήγοντα.

116 3221 176 3288 §2-
277 3220 449 3277 Διαλείποντα
468 3223 495 3276 δὲ
515 3220 580 3292 μετὰ
599 3227 676 3276 τοῦτο
695 3224 753 3294 περὶ

37 3308 234 3363 πεντεκαίδεκα
258 3305 360 3382 ἡμέρας
382 3307 458 3363 πάλιν
483 3307 518 3362 τό
543 3310 658 3381 τρίτον
684 3310 752 3362 ἐτι-

36 3392 212 3467 -βάλλεται
242 3397 367 3466 βλαστοὺς
394 3397 611 3466 ἑκατομβαιῶνος,
640 3397 752 3470 ἐλαχί-

36 3501 128 3540 στας
151 3477 278 3554 ήμέρας
302 3488 362 3536 τῶν
381 3480 555 3555 πρότερον.
593 3483 671 3542 ἰ’σως
692 3481 752 3555 γὰρ

36 3568 75 3629 ἓξ
101 3563 121 3640 ἢ
146 3567 230 3622 ἑπτά
257 3568 292 3623 τὸ
315 3572 490 3624 πλεῖστον·
520 3567 537 3640 ἡ
562 3571 590 3623 δὲ
614 3566 753 3642 βλάστησις

37 3653 127 3727 ὁμοία
145 3654 252 3709 καὶτὸν
275 3652 352 3710 αὐτόν
372 3656 476 3729 τρόπον.

154 3758 222 3823 Sub
251 3761 349 3825 finem
380 3782 500 3844 paragr.
527 3763 589 3826 100
615 3761 692 3825 falso
723 3763 873 3825 traditum
903 3781 972 3826 esse
1003 3762 1195 3825 vocabulum
1226 3761 1385 3841 „secutis“
1418 3768 1509 3843 puto,

37 3883 135 3944 cum,
158 3868 196 3927 ut
218 3863 363 3950 Silligius
388 3867 474 3947 dicit,
498 3868 682 3930 coniunctio
707 3868 883 3949 praesentis
906 3866 1059 3928 infinitivi
1086 3885 1161 3928 cum
1184 3865 1350 3947 participio
1373 3865 1504 3947 perfecti

38 3969 105 4030 hoc
129 3966 200 4030 loco
224 3970 281 4032 vix
303 3969 379 4033 ferri
402 3975 499 4052 queat
509 3992 522 4053 ;¹
541 3970 627 4052 quod
652 3969 758 4053 probo.
816 3968 920 4044 Quam
944 3969 983 4031 ob
1007 3988 1073 4032 rem
1097 3969 1240 4052 Silligius
1263 3987 1320 4051 pro
1346 3969 1503 4048 „secutis“

38 4069 145 4135 scribi
170 4071 238 4135 vult
261 4075 467 4154 ,‚secuturis.“
523 4073 684 4156 Equidem
715 4074 796 4136 malo
829 4074 924 4136 scribi
957 4074 1167 4154 „secundis“;
1202 4092 1278 4134 nam
1312 4072 1508 4136 adiectivum

42 4174 255 4257 „secundus“
280 4177 333 4239 hie
355 4178 449 4260 plane
473 4197 531 4240 suo
554 4179 624 4241 loco
648 4184 760 4240 exstat.
817 4176 866 4240 De
897 4179 998 4242 tribus
1028 4178 1113 4240 enim
1145 4175 1345 4259 germinibus
1378 4176 1510 4257 dieitur,

38 4298 131 4362 quae
154 4285 218 4343 tam
247 4281 335 4346 brevi
360 4290 500 4365 tempore
530 4282 615 4344 aliud
645 4282 732 4344 aliud
762 4286 949 4364 sequantur,
983 4288 1020 4344 ut
1047 4282 1223 4359 cacumina,
1260 4298 1342 4361 quae
1365 4281 1506 4363 primum

38 4385 132 4465 edat,
155 4384 279 4466 impelli
301 4385 451 4469 adpareat
474 4387 524 4465 iis,
549 4404 631 4468 quae
655 4386 844 4448 secundum.
890 4382 892 4386 ’

154 4486 282 4570 Omnia,
315 4510 398 4572 quae
429 4500 564 4572 uterque
595 4496 705 4552 auctor
733 4488 872 4571 praebet,
906 4489 1000 4571 plane
1029 4490 1113 4551 inter
1146 4507 1180 4551 se
1213 4494 1407 4570 congruunt,
1442 4488 1504 4550 nisi

37 4592 134 4678 quod
159 4592 341 4658 sub‘finem
365 4593 492 4657 Plinius
516 4594 592 4656 dicit
617 4593 784 4674 „clareque
814 4599 845 4657 et
868 4598 946 4655 tune
968 4593 1110 4655 cernitur
1132 4592 1385 4656 excrescentium
1408 4609 1506 4653 eacu-

37 4699 173 4762 minum
197 4697 408 4779 articulati0“‚
430 4695 679 4781 Theophrastus:
705 4694 741 4780 ,ἡ
773 4695 806 4759 δὲ
835 4695 992 4780 βλάστησις
1018 4692 1106 4779 ὁμοία
1129 4693 1178 4759 καὶ
1201 4695 1249 4758 τὸν
1272 4692 1359 4757 αὐτὸν
1383 4693 1508 4778 τρόπσν“
