3292 5436
95 127 159 174 esse
188 107 379 187 -rcferenda3
422 107 617 172 vocabulum
656 106 693 190 „h
731 106 859 191 ucdaq“,
900 108 987 191 quod
1024 115 1129 172 exstat
1164 108 1199 169 iu
1238 107 1346 173 codice
1384 108 1552 191 Urbinate,

98 232 114 276 a
138 210 282 293 librario,
320 213 377 295 qui
406 217 478 294 post
505 210 668 295 ,,μοίλιστα“
697 212 937 276 substantivum
965 211 1157 276 desideraret
1190 219 1221 275 et
1251 213 1314 292 hic,
1345 218 1382 276 ut
1413 213 1552 296 saepius,

94 316 231 381 abietem
255 323 287 380 et
309 316 437 380 laricem
460 318 543 380 iuter
564 335 599 381 se
621 318 740 401 opponi
763 319 989 400 suspicaretur,
1012 315 1157 378 additum
1180 334 1249 379 esse
1272 321 1359 400 puto.

199 436 299 500 Plinii
324 456 453 520 quoque
473 437 571 501 verba
592 444 739 521 corrupta
754 457 823 501 csse
838 437 1053 500 Schneiderus
1075 442 1177 519 putat,
1199 457 1274 499 nam
1291 438 1368 501 dicit
1391 436 1461 517 (III,
1477 436 1553 516 440)

92 541 214 624 „Plinii
243 541 351 605 ulcera
381 560 492 606 curare
522 560 611 605 nuuc
641 561 707 605 uon
738 542 860 605 vacat‘.
917 540 1077 623 Equidem
1112 540 1151 603 de
1180 541 1342 604 ulceribus
1371 541 1469 629 Plinii
1500 540 1553 603 hic
1604 603 1608 610 ,

89 647 155 709 dici
178 664 274 728 posse
295 665 361 708 nou
384 654 471 730 puto.
517 644 600 709 Nam
632 647 697 709 nisi
720 645 806 728 quod
831 645 955 708 offendo
978 647 1012 706 in
1036 644 1192 708 vocabulo
1217 645 1413 727 „curribus“,
1445 646 1553 707 omnia

88 768 142 814 me
178 749 309 832 quidem
343 749 450 814 iudice
485 769 614 834 prorsus
648 756 732 814 recte
766 768 800 812 se
834 748 960 812 habent.
1017 746 1104 810 Dicit
1137 750 1224 812 euim
1258 747 1403 812 Plinius:
1447 748 1554 830 „abies

87 846 245 917 maxume
277 853 437 917 sociabilis
467 860 516 918 est
542 854 667 935 glutino
698 855 892 933 intantum,
927 857 964 915 ut
992 851 1135 914 findatur
1167 855 1257 935 prius
1288 872 1325 916 ea
1353 858 1450 935 parte,
1490 872 1555 935 qua

87 957 196 1021 solida
218 957 285 1021 est“
317 962 369 1038 (sc.
395 976 490 1040 quam
515 977 552 1022 ea
575 979 639 1041 qua
660 958 819 1042 glutinata
842 960 917 1036 estl;
949 962 1013 1018 tam
1041 954 1133 1018 firme
1161 957 1261 1040 igitur
1293 958 1418 1041 liguum
1442 955 1555 1019 abietis

85 1061 219 1145 glutino
242 1061 356 1124 sociari
378 1081 472 1144 posse
495 1082 569 1125 cum
592 1063 654 1125 alio
678 1061 805 1125 Plinius
829 1061 916 1139 dicit,
944 1067 991 1140 ut,
1022 1061 1049 1122 si
1072 1061 1181 1142 aliqua
1210 1062 1243 1122 vi
1266 1068 1435 1144 prematur,
1466 1061 1556 1143 prius

83 1162 185 1228 cedat
214 1184 251 1228 ea
283 1185 368 1248 pare,
401 1185 483 1249 quae
516 1186 580 1230 nou
616 1167 774 1249 glutinata
805 1165 936 1247 (solida),
974 1185 1070 1247 quam
1106 1183 1153 1246 ca,
1189 1184 1270 1246 quae
1304 1165 1464 1247 glutinata
1500 1164 1553 1227 sit.

88 1261 198 1333 Plane
217 1270 319 1354 igitur
341 1269 419 1333 haec
442 1270 541 1333 Plinii
563 1270 770 1353 Theophrasti
792 1268 900 1332 verbis
923 1268 1127 1351 respondent.

918 1408 933 1473 ἓ
961 1410 1021 1464 226.
1066 1405 1162 1473 Magna
1189 1409 1279 1460 auteur
1306 1409 1333 1460 et
1360 1405 1458 1474 glutini
1487 1405 1555 1459 ratio

852 1498 957 1561 propter
975 1509 1006 1545 ea
1024 1508 1091 1560 quae
1111 1492 1252 1546 sectilibus
1276 1492 1373 1546 lamnis
1398 1510 1428 1546 ac
1452 1493 1480 1545 iu
1503 1493 1557 1546 alio

851 1596 946 1647 genere
974 1579 1138 1646 operiuntur.
1184 1580 1342 1633 stamineam
1369 1579 1397 1631 in
1425 1581 1476 1633 hoc
1503 1596 1558 1632 usu

851 1668 962 1734 probant
980 1680 1084 1732 venam,
1103 1669 1130 1718 et
1148 1669 1245 1720 vocant
1261 1665 1388 1719 feruleam
1400 1669 1558 1735 argumento

851 1753 1050 1820 similitudinis,
1075 1753 1202 1821 quoniam
1225 1754 1351 1806 lacunosa
1374 1756 1425 1807 est.
1467 1753 1556 1820 crispa

812 1875 814 1879 «
851 1841 881 1894 in
898 1840 971 1894 omni
989 1857 1084 1908 genere
1103 1839 1238 1909 glutinum
1256 1841 1389 1893 abdicant.

160 1577 236 1632 Haec
255 1595 308 1632 non
326 1582 434 1632 exstant
451 1580 522 1648 apud
540 1579 758 1647 Theophrastum.

921 1945 1085 2013 quaedam
1109 1948 1136 1997 et
1159 1945 1230 1997 inter
1248 1961 1277 1998 se
1294 1947 1322 1998 et
1339 1961 1402 1997 cum
1422 1943 1484 1997 aliis
1502 1943 1556 1996 in-

851 2031 1044 2084 sociabilia
1061 2032 1216 2098 glutino,
1235 2032 1332 2085 sicut
1349 2031 1467 2090 robur,
1493 2047 1557 2083 uec

850 2118 921 2171 lere
946 2117 1138 2169 cohaerent
1160 2119 1232 2170 nisi
1257 2118 1394 2171 similia
1417 2120 1558 2178 natura,

162 1945 198 2013 V,
216 1950 241 2011 7,
258 1950 283 2003 2.
324 1941 394 2019 Οὐχ
418 1940 526 2000 ἅπτεται
550 1946 584 2000 δὲ
609 1942 688 2000 οὐδὲ
712 1944 797 2000 κατὰ

88 2029 152 2106 τὴν
178 2029 344 2104 κόλλησιν
373 2028 498 2103 ὁμοίως
523 2032 558 2086 τὸ
584 2032 719 2106 ὂριίϊνον
744 2038 796 2086 τῶν

31 2162 38 2171 .
59 2156 62 2161 -
89 2121 224 2175 πευκίνων
243 2121 287 2172 καί
305 2119 442 2172 ἐλατίνων·
467 2117 564 2190 τὰμὲν
584 2118 631 2192 γὰρ
650 2117 741 2182 πυκνὰ,
764 2117 797 2172 τὰ

34 2250 38 2255 .
87 2207 119 2263 δὲ
146 2203 232 2277 μανὰ·
257 2207 301 2259 καί
325 2204 358 2258 τὰ
383 2207 429 2275 μὲν
455 2201 538 2275 ὅμοια,
564 2204 596 2257 τὰ
620 2207 647 2258 δὲ
666 2200 704 2258 οὗ.
741 2203 799 2259 Δεῖ

87 2294 125 2348 δὲ
146 2289 347 2364 ὁμοιοπαθῆ
367 2289 511 2345 εἶναιτὰ
530 2290 699 2362 μέλλοντα
718 2312 797 2363 συμ-

39 2450 43 2455 ·
88 2377 257 2452 φύεσθαι,
282 2379 340 2432 καὶ
365 2375 407 2448 μὴ
433 2378 584 2442 ἐναντία,
609 2378 800 2452 καθαπερεὶ

849 2206 887 2256 ut
909 2204 939 2256 si
962 2203 1041 2271 quis
1066 2204 1216 2270 lapidem
1241 2205 1445 2272 lignumque
1471 2219 1556 2256 con-

849 2289 975 2357 iungit.
1011 2305 1122 2342 cornum
1145 2307 1270 2344 maxume
1288 2291 1345 2345 odit
1363 2292 1468 2358 sorbus,
1494 2307 1553 2345 car·

853 2378 943 2445 pinus,
962 2376 1060 2443 buxus,
1079 2380 1171 2445 postea
1188 2377 1277 2430 tilia.

87 2465 194 2521 λίθον
212 2467 269 2518 καὶ
288 2461 394 2525 ξιίλον.

47 2550 50 2554 ’
164 2551 199 2616 V,
224 2557 249 2617 6,
274 2555 298 2608 2.
335 2550 391 2604 Τῶν
411 2552 439 2606 δὲ
457 2546 543 2606 ἄλλων
568 2548 585 2623 a]
607 2553 744 2625 φίλυρα·
771 2551 801 2606 τὸ

31 2660 33 2665 ·
85 2637 141 2712 γὰρ
173 2632 246 2692 ὅλον
266 2633 377 2711 εὸεργον,
407 2633 493 2710 ὥσπερ
521 2639 627 2713 ἐλέχθη,
653 2638 694 2693 διὰ
719 2641 801 2709 μαλα-

83 2722 205 2797 κότητα.
236 2720 305 2778 Eia
314 2747 329 2779 α
338 2748 355 2796 μ
364 2746 427 2778 aro
446 2727 480 2788 δὲ,
501 2723 536 2784 ὡς
555 2728 600 2794 μὲν
616 2722 701 2785 ἁπλῶς
714 2727 801 2787 εἰπεῖν,

85 2809 159 2869 ὅσα
176 2813 338 2886 γλίσχρα·
358 2813 530 2884 διαφέρειν
550 2813 581 2864 δὲ
601 2813 690 2865 δοκεῖ
708 2810 802 2865 συκά-

85 2917 194 2972 μινος
212 2901 268 2951 καί
288 2896 427 2970 ἐρινεός.

168 2989 194 3042 3.
240 2979 412 3057 Είπριστα
437 2986 552 3038 δὲκαὶ
577 2978 804 3057 adoptatae&

86 3068 305 3143 ἐνικμότερα
323 3076 384 3123 τῶν
404 3068 541 3142 πάμπαν
562 3070 683 3144 ξηρῶν·
702 3069 735 3124 τὰ
758 3075 804 3142 μὲν

50 3164 54 3171 ’
86 3157 144 3232 γὰρ
164 3155 299 3221 παίονται,
325 3155 358 3211 τὰ
377 3159 404 3212 δὲ
421 3158 553 3212 ίστανται·
578 3156 618 3210 τὰ
637 3158 670 3211 δὲ
689 3156 803 3232 χλωρὰ

88 3249 174 3301 λίαν
205 3242 363 3318 συμμύει,
395 3247 451 3299 καί
482 3247 640 3320 ἐνέχεται
670 3246 702 3298 ἐν
732 3252 803 3304 τοῖς

88 3331 274 3388 ὀδοῦσιτὰ
292 3338 480 3406 πρίσματα,
505 3335 550 3385 καὶ
575 3329 727 3403 ἐμπλοίττει·
753 3329 803 3385 διὸ

88 3422 156 3475 καὶ
193 3417 491 3493 παραλλάττουσιν
529 3416 683 3490 ἀλλήλων
725 3417 804 3478 τοὺς

39 3520 47 3525 ’“
88 3503 519 3579 ἑδόντας,ίναέξοίγηται.

924 2551 1009 2616 §Thi
1041 2553 1209 2621 Cuicumque
1226 2552 1301 2620 operi
1312 2551 1400 2605 lucilia
1418 2548 1558 2604 flexilia

855 2637 981 2703 omnia,
1001 2653 1084 2704 quae
1104 2638 1383 2704 lentadixiruus,
1402 2640 1557 2706 praeterque
1624 2682 1627 2688 .

856 2737 968 2776 morus
987 2728 1020 2774 ct
1038 2725 1244 2789 caprificus

927 2981 1094 3035 forabilia
1111 2999 1147 3035 ac
1166 2983 1312 3036 sectilia
1331 2998 1411 3051 quae
1429 2979 1558 3035 modice

858 3069 981 3122 umida.
1034 3069 1131 3122 arida
1163 3071 1236 3122 euim
1266 3070 1347 3122 latius
1378 3085 1458 3136 quam
1488 3071 1569 3120 teras

856 3157 967 3222 cedunt,
1003 3155 1139 3208 viridia
1165 3159 1268 3222 praeter
1294 3157 1375 3211 robur
1401 3158 1428 3208 et
1454 3155 1559 3207 buxum

856 3243 1078 3310 pertinacius
1108 3243 1285 3297 resistunt
1312 3258 1558 3309 serrarumque

857 3330 977 3383 dentis
1013 3328 1150 3398 replent
1185 3330 1403 3398 aequalitate
1436 3328 1558 3394 inerti,

858 3434 921 3484 qua
950 3417 989 3469 de
1018 3433 1123 3470 causa
1152 3417 1289 3470 alterna
1320 3417 1559 3470 inclinatione

857 3504 1168 3570 egeruntscobem.

207 3645 303 3708 Initio
325 3666 447 3729 paragr.
471 3647 533 3710 227
564 3667 629 3711 non
653 3656 737 3710 recte
761 3645 856 3708 verba
882 3644 1068 3708 distinxisse
1096 3653 1174 3728 puto
1205 3646 1348 3708 editores.
1396 3644 1556 3726 Equidem

93 3750 295 3817 Schneidero
330 3749 401 3830 (Ill,
430 3751 505 3828 440)
540 3752 714 3831 adsensus,
750 3751 805 3832 qui
838 3749 941 3832 prima
976 3749 1036 3808 tria
1065 3747 1162 3810 verba
1196 3750 1234 3812 ad
1267 3750 1367 3813 tiliam
1402 3749 1559 3831 pertinere

41 3920 49 3925 .
100 3856 300 3938 suspicatus,
324 3875 421 3936 quam
444 3855 624 3936 perfacilem
648 3854 797 3937 operibus
821 3871 891 3916 esse
913 3852 1146 3933 Theophrastus
1171 3872 1300 3936 quoque
1322 3853 1341 3917 l.
1357 3853 1377 3917 l.
1403 3853 1489 3934 dicit,
1512 3854 1560 3915 sic

94 3957 309 4025 scribendum
332 3978 401 4022 esse
423 3966 516 4043 puto:
544 3965 672 4040 „postea
695 3958 773 4038 tilia,
807 3958 1003 4038 cuicumque
1027 3957 1112 4038 operi
1135 3956 1247 4020 facilis.
1294 3952 1429 4020 l‘lexilia
1452 3957 1559 4019 omnia

95 4081 186 4149 quae
217 4061 305 4125 lenta
339 4063 482 4126 diximus
515 4063 601 4125 otc.“.
660 4061 767 4126 Verba
801 4061 900 4124 Plinii
946 4061 1054 4142 „arida
1092 4061 1176 4124 euim
1214 4061 1309 4124 latius
1344 4081 1442 4143 quam
1477 4066 1560 4124 teras

94 4168 253 4246 cedunt‘,
282 4186 341 4228 cur
362 4165 462 4229 Ianus
486 4172 632 4248 corrupta
654 4185 723 4228 esse
748 4172 838 4248 putet
859 4167 1008 4228 lacunam
1039 4166 1091 4228 hic
1114 4170 1269 4246 statuens,
1298 4166 1449 4248 equidem
1473 4164 1559 4228 haud

98 4271 272 4354 intellego,
295 4289 369 4331 nam
393 4289 523 4352 prorsus
546 4270 627 4334 clare
651 4270 831 4352 siguificare
854 4271 932 4332 mihi
950 4269 1101 4332 videntur
1115 4269 1204 4352 ligna
1220 4269 1308 4332 arida
1323 4271 1421 4332 nimis
1438 4270 1560 4333 cedere.

95 4376 171 4443 Sed.
187 4374 392 4456 Theophrasti
415 4375 513 4450 locus,
544 4375 599 4455 qui
623 4374 687 4436 huc
709 4375 858 4455 pertinet,
890 4379 1058 4455 corruptus
1081 4379 1144 4436 est:
1178 4372 1231 4449 „cd
1255 4371 1385 4458 μὲνγὰρ
1408 4370 1558 4448 παίονται,

92 4480 135 4545 τὰ
171 4477 205 4542 δὲ
236 4475 394 4554 iuraverat
429 4497 512 4561 quae
547 4477 632 4540 Gaza
656 4479 760 4540 ¹vertit
796 4478 910 4558 „altera
945 4479 1031 4541 enim
1066 4485 1204 4558 cessant,
1245 4477 1341 4541 altera
1381 4476 1558 4540 constant“.
