3292 5436
198 1733 317 1802 1V,1,1.
344 1731 389 1787 Τὰ
408 1736 465 1805 μὲν
485 1731 533 1805 γὰρ
553 1734 646 1807 φιλεῖ
662 1731 739 1791 τοὺς
757 1729 833 1804 ἐφί-

129 1823 229 1896 δρους
247 1822 292 1889 καί
304 1818 405 1880 ἑλώδεις
418 1820 471 1872 οἷον
487 1820 603 1894 αἴγειρος,
622 1816 740 1891 λεύκη,
761 1819 833 1872 ίτέα

128 1910 174 1973 οιαὶ
193 1904 259 1968 ὅλως
277 1906 311 1960 τὰ
329 1905 400 1980 παρὰ
417 1904 478 1965 τοὺς
496 1904 628 1977 ποταμοὺς
648 1903 772 1979 φυόμενα.

95 2023 98 2032 ·
197 1993 353 2061 111,14,3.
393 1990 774 2066 ὴκλήθρα...ιρύεται
806 1992 834 2045 δὲ

63 2122 72 2135 2
130 2083 163 2136 ἐν
182 2088 254 2140 τοῖς
273 2077 447 2154 ἐφίδροις,
468 2073 560 2132 ἄλλοθι
579 2075 603 2130 δ’
617 2075 741 2150 οίδαμοῦ.

199 2251 250 2318 111,
270 2256 294 2318 3,
313 2255 337 2309 2.
365 2247 562 2304 Ἅπανταδὲ
581 2246 835 2305 ὅσακοινὰτῶν

130 2337 211 2414 ὀρῶν
236 2339 374 2391 καὶτῶν
399 2338 538 2401 πεδίων,
567 2339 670 2408 μείζω
698 2341 756 2410 μὲν
780 2338 837 2391 οιαὶ

129 2427 257 2480 καλλίω
292 2430 332 2498 τῇ
369 2420 442 2498 ὄψει
472 2423 511 2477 τὰ
542 2426 574 2477 ἐν
604 2431 674 2484 τοῖς
704 2425 835 2483 πεδίοις

127 2514 273 2583 γίνεται,
305 2514 445 2585 κρείττω
477 2512 509 2565 δὲ
539 2517 577 2584 τῇ
609 2513 705 2586 χρείᾳ
734 2516 773 2584 τῇ
801 2531 836 2564 τε

128 2605 189 2654 τῶν
221 2598 326 2660 ξύλων
357 2601 402 2652 καὶ
433 2603 483 2650 τῶν
514 2603 620 2670 καρπῶν
650 2597 689 2652 τὰ
721 2595 836 2670 ὀρεινοί

954 347 1030 415 §Th
1066 344 1168 398 Gallica
1190 344 1258 402 ,haee
1284 342 1361 396 arbor
1388 343 1511 397 mirabili
1534 361 1592 398 can·

885 433 947 487 dore
972 434 1052 500 atque
1070 432 1209 496 tenuitate,
1234 429 1363 484 terribilis
1383 431 1592 498 magistratuum

885 520 980 588 virgis.
1016 520 1108 572 eadem
1127 517 1238 572 circulis
1256 516 1365 587 flexilia,
1384 517 1452 570 item
1472 517 1593 572 corbium

886 606 978 660 costis.
1015 606 1136 659 bitumen
1154 620 1189 656 ex
1207 620 1238 657 ea
1256 603 1356 656 Galliae
1381 607 1529 657 excocunt.
1565 604 1593 658 ln

885 692 994 746 eosdem
1013 692 1083 745 situs
1107 691 1251 744 comitatur
1274 694 1301 743 et
1324 690 1410 758 spina,
1436 691 1593 757 nuptiarum

886 779 989 833 lacibus
1008 777 1235 846 auspicatissima,
1254 777 1381 844 quoniam
1399 777 1464 831 inde
1484 779 1595 832 fecerint

886 868 1014 933 pastores,
1032 865 1080 932 qui
1093 866 1239 931 rapuerunt
1252 863 1371 930 Sabinas,
1390 866 1422 916 ut
1440 866 1594 918 auctorest

886 951 1029 1005 Masurius.
1083 966 1155 1003 nunc
1189 949 1292 1003 lacibus
1320 950 1456 1018 carpinus,
1487 950 1596 1019 corylus

870 1106 876 1126 ,
886 1037 1119 1092 familiarissimae.

958 1126 973 1192 ξ
994 1127 1036 1182 76.
1072 1126 1165 1190 Aquas
1191 1123 1269 1177 odere
1293 1122 1422 1190 cupressi,
1445 1121 1596 1191 iuglandes,
1637 1106 1640 1161 ί

887 1213 1032 1278 castaneae,
1057 1209 1207 1264 laburnum.
1246 1209 1344 1278 Alpina
1368 1211 1395 1261 et
1417 1210 1487 1263 haec
1513 1211 1598 1273 arbor,

886 1315 936 1352 nec
965 1296 1045 1365 volgo
1072 1297 1143 1362 nota,
1171 1297 1238 1350 dura
1271 1312 1302 1349 ac
1333 1296 1448 1349 candida
1478 1298 1591 1350 materie

886 1386 965 1439 cuius
1006 1383 1099 1437 florem
1138 1383 1282 1437 cubitalem
1325 1382 1496 1450 longitudine
1538 1400 1589 1437 non

886 1472 1029 1540 attingunt.
1084 1470 1141 1523 odit
1171 1472 1199 1522 et
1228 1485 1294 1538 quae
1329 1468 1479 1536 appellatur
1515 1459 1598 1523 Iovis'

886 1558 974 1624 barba,
992 1557 1021 1609 in
1040 1571 1120 1624 opere
1138 1556 1252 1624 topiario
1270 1547 1362 1608 texilis
1380 1558 1408 1608 et
1425 1556 1455 1607 in
1471 1557 1595 1610 rotundi·

886 1647 968 1699 tatem
985 1644 1081 1711 spissa,
1099 1644 1222 1710 argenteo
1240 1641 1311 1695 folio.

957 1733 1039 1800 ξπ,
1083 1745 1149 1783 non
1175 1729 1248 1782 nisi
1279 1729 1314 1781 in
1341 1728 1486 1796 aquosis
1516 1745 1594 1797 pro·

886 1819 1038 1872 veniunt
1065 1814 1209 1882 salices,
1237 1814 1321 1880 alni,
1349 1815 1486 1882 populi,
1515 1817 1595 1883 silex,

886 1897 1016 1973 ligustra'
1030 1903 1140 1956 tesseris
1169 1902 1332 1968 utilissima,
1367 1901 1434 1954 item
1473 1903 1597 1956 vaccinia

887 1993 981 2046 Italiae
1009 1992 1038 2044 in
1063 1989 1187 2058 aucupiis
1211 1991 1276 2054 sata,
1295 1986 1396 2041 Galliae
1420 2004 1488 2041 vero
1516 1989 1595 2042 etiam

887 2095 1020 2147 purpurae
1051 2076 1211 2145 tinguendae
1241 2089 1322 2128 causa
1356 2075 1388 2128 ad
1422 2074 1595 2128 servitiorum

888 2165 983 2218 vestis.

943 2250 1184 2315 Quaecumque
1203 2247 1395 2301 communia
1413 2250 1496 2300 sunt
1510 2265 1596 2302 mon-

890 2337 990 2390 tibus
1020 2334 1218 2403 planisque,
1252 2334 1381 2386 maiora
1413 2333 1510 2387 fiunt
1540 2335 1596 2387 ad-

888 2426 1013 2491 spectu
1031 2421 1308 2489 pulchrioraque
1333 2421 1367 2472 in
1386 2422 1596 2489 campestri-

889 2511 965 2577 bnS,
997 2508 1143 2562 meliora
1173 2508 1317 2560 materie
1348 2507 1533 2575 crispioraque
1563 2507 1596 2558 in

889 2596 1067 2651 montibus
1085 2594 1248 2663 exceptis
1266 2592 1369 2646 malis
1388 2593 1563 2661 pirisque.

132 2686 217 2758 πλὴν
244 2683 395 2761 ἀχράδος
419 2686 476 2738 καὶ
500 2681 601 2738 ἀπίου
625 2687 681 2738 καὶ
700 2687 835 2757 μηλέας.

203 2772 253 2839 HI,
274 2779 315 2832 11,
334 2776 366 2828 2:
394 2772 458 2825 εἶναι
483 2772 510 2824 δὲ
533 2769 581 2843 τὴν
607 2775 653 2842 μὲν
678 2772 704 2824 ἐν
728 2776 766 2842 τῷ
785 2767 837 2843 ὄρει

135 2864 268 2934 φυομένην
390 2854 477 2929 ου’λην,
596 2857 644 2929 τὴν
673 2859 700 2911 δὲ
731 2856 837 2929 πεδινὴν

150 2987 198 2999 ...
217 2942 300 3019 ἦττον
321 2941 408 3017 οὔλην.

234 3052 323 3115 Haec
362 3051 469 3113 omnia
506 3056 639 3133 excepta
678 3055 820 3113 extrema
865 3048 1022 3112 sententia
1066 3066 1132 3109 non
1176 3050 1251 3129 puto
1297 3064 1339 3109 ex
1377 3044 1597 3128 Theophrasto

132 3162 261 3240 sumpta
296 3173 374 3220 esse.
431 3154 514 3217 Nam
547 3156 606 3218 etsi
635 3152 793 3217 nonnulla
827 3153 914 3235 apud
948 3138 1124 3233 utrumque
1158 3155 1352 3232 congruunt,
1386 3157 1497 3213 tamen
1533 3152 1597 3214 alia

132 3262 227 3344 plura
249 3261 333 3322 inter
356 3277 390 3321 so
415 3258 621 3338 dissentiunt,
645 3258 706 3320 alia
729 3257 815 3340 apud
837 3257 1088 3339 Theophrastum
1112 3256 1243 3317 omnino
1267 3273 1331 3317 non
1356 3259 1494 3317 exstant.
1545 3254 1598 3316 Sic

137 3384 185 3445 ec,
210 3381 306 3446 quem
330 3364 456 3445 signavi
478 3363 558 3442 loco,
582 3363 662 3425 aliae
686 3360 812 3424 arbores
835 3360 874 3423 ab
899 3368 1036 3442 utroque
1058 3364 1289 3422 enumerantur
1310 3360 1394 3422 inter
1417 3376 1484 3438 eas,
1509 3345 1609 3441 quae⁸

132 3469 251 3532 montis
276 3475 394 3547 ament,
417 3486 491 3529 cum
515 3466 606 3545 aliae,
631 3483 711 3547 quas
733 3463 967 3547 Theophrastus
990 3466 1023 3525 in
1046 3463 1152 3546 planis
1186 3465 1275 3525 nasci
1303 3466 1410 3545 negat,
1440 3482 1461 3530 a
1485 3461 1597 3526 Plinio

134 3576 422 3636 commemorentur
444 3571 527 3632 inter
549 3587 612 3650 eas,
641 3587 724 3651 quac
753 3568 874 3631 montis
906 3575 937 3632 et
966 3568 1057 3630 vallis
1087 3567 1229 3649 diligant.
1275 3565 1441 3629 Praeterea
1464 3565 1598 3631 Plinius

134 3676 279 3759 loquitur
304 3674 343 3736 de
367 3672 543 3754 arboribus,
568 3692 650 3754 quac
682 3673 812 3754 aquosis
836 3671 999 3735 montibus
1022 3671 1196 3754 gaudeant,
1226 3689 1308 3751 quae
1331 3688 1396 3732 non
1420 3673 1541 3733 temere
1562 3672 1598 3732 in

136 3778 300 3842 montibus
335 3778 422 3840 visae
458 3778 524 3839 sint
557 3783 627 3856 etc,
662 3776 701 3839 de
735 3776 855 3858 quibus
887 3776 1071 3839 differentiis
1102 3779 1185 3838 certe
1213 3776 1247 3836 in
1279 3775 1468 3837 universum
1496 3773 1600 3837 Theo·

135 3883 284 3966 phrastus
308 3900 372 3943 non
397 3881 534 3962 disserit,
565 3887 596 3943 ct
618 3880 799 3963 complures
832 3879 958 3942 arbores
991 3883 1226 3960 commemorat,
1258 3898 1337 3960 quas
1359 3877 1601 3959 Theophrastus

137 3985 282 4050 nondum
306 3992 446 4048 noverat.
496 3983 600 4060 Quare
623 3986 730 4046 omnia
753 3984 830 4047 haec
853 3984 928 4046 inde
952 4003 970 4046 a
992 4003 1113 4065 paragr.
1131 3983 1172 4046 73
1192 4001 1297 4064 usque
1320 3981 1360 4044 ad
1377 3982 1416 4046 77
1442 3983 1599 4045 universa

135 4089 267 4153 aliunde
291 4095 419 4170 sumpta
442 4107 511 4152 esse
534 4095 622 4171 puto,
648 4095 742 4152 etex
765 4087 878 4150 Latino
903 4087 1034 4170 quidem
1058 4093 1197 4167 auctore,
1219 4086 1252 4148 id
1276 4085 1362 4169 quod
1385 4104 1437 4148 me
1461 4086 1595 4167 quidem

133 4193 239 4258 iudice
271 4192 400 4273 adparet
427 4210 469 4255 ex
498 4192 684 4255 nominibus
716 4191 877 4270 „Gallica“
915 4191 1086 4273 „Alpina“,
1122 4197 1153 4254 et
1186 4209 1227 4254 ex
1261 4208 1308 4270 ec,
1343 4189 1430 4272 quod
1465 4192 1599 4273 saepius

134 4301 427 4361 commemorantur
460 4297 686 4378 Appenninus,
721 4295 851 4374 Galliae,
882 4294 982 4357 Italia.
1040 4295 1192 4358 Extrema
1224 4313 1344 4377 paragr.
1370 4295 1409 4357 77
1435 4297 1600 4358 sententia

134 4400 353 4483 Theophrasto
385 4398 492 4462 deberi
521 4400 663 4475 videtur;
695 4418 769 4462 nam
801 4399 992 4463 verbotenus
1023 4401 1193 4480 utriusque
1222 4399 1360 4461 auctoris
1390 4397 1489 4460 verba
1518 4417 1597 4461 con-

133 4510 264 4590 gruunt.
313 4501 405 4578 Quod
430 4501 557 4565 Plinius
580 4504 695 4566 adiecit
718 4504 910 4586 „crispiora“
935 4503 1069 4566 fortasse
1099 4520 1140 4565 ex
1171 4521 1219 4580 cc,
1252 4521 1347 4584 quem
1378 4501 1492 4582 adtuli,
1525 4502 1600 4566 loco

135 4610 326 4693 desumpsit,
351 4605 447 4669 ubiT
489 4607 657 4671 chrestus
681 4607 757 4669 dicit
773 4626 906 4700 acerem,
930 4608 1069 4688 quaein
1086 4605 1250 4668 montibus
1275 4612 1435 4684 nascatur,
1459 4608 1600 4691 crispam

133 4734 215 4795 esse,
240 4733 321 4796 quae
344 4712 354 4773 i
541 4711 651 4774 minus
675 4712 820 4792 crispam.

93 4986 195 5080 'Q
319 4964 349 5079 ί
