3292 5436
55 349 94 397 eo
134 329 293 396 adductus
331 336 389 413 est,
427 337 463 395 ut
501 331 624 394 mediae
662 332 742 412 parti
785 337 886 394 cetera
925 335 1097 413 opponeret
1131 330 1236 412 adque
1270 328 1347 392 haec
1382 330 1510 411 nigrum

52 438 191 500 colorem
215 436 404 500 transferret.

104 597 152 659 ill,
163 597 187 660 5,
199 598 223 649 5.
238 587 313 646 Ἰδιον
324 589 348 645 δ’
361 594 437 654 ἐνίοις
447 589 558 667 ὑπάρχει
576 595 631 646 καὶ
649 591 684 645 τὺ
700 597 758 662 τῆς

51 677 447 754 καλουμένηςκαίχρυος,
468 681 520 733 οἷον
534 687 587 739 τοῖς
599 700 758 752 τεπροειρη-

53 769 158 838 μένοις·
187 767 260 841 ἔχει
286 765 345 840 γὰρ
364 769 420 820 καὶ
445 765 548 839 ἐλάτη
573 768 627 819 καὶ
652 765 757 838 πεύκκ,

52 856 112 906 καὶ
144 855 234 926 δρῦς,
265 855 317 907 καὶ
344 854 393 907 ἔτι
421 855 543 927 etiope
570 855 624 906 καὶ
651 851 758 927 καρύα

53 943 100 993 καὶ
120 938 181 999 Διὸς
200 938 311 1011 βάλανος
337 943 394 994 καὶ
419 943 522 1000 πίτυς.
558 935 630 1013 Αύτη
650 941 677 993 δὲ
695 942 759 1010 γίνε-

53 1047 98 1080 ται
117 1027 174 1098 ὀρυῖ
192 1030 238 1098 μὲν
252 1025 300 1100 πρὸ
313 1031 359 1098 τῆς
373 1025 546 1098 βλαστήσεως,
566 1024 760 1101 ὑποφαινούσης

54 1118 103 1183 τῆς
122 1109 213 1186 τ’,ρινῆς
232 1108 305 1186 ὥρας.
334 1109 409 1166 Ἔστι
428 1110 450 1166 δ’
464 1110 572 1191 ὡσπερεὶΙ
590 1112 680 1186 κύησις
699 1115 760 1188 φυλ-

880 592 955 657 §30-
992 590 1121 643 Ferunt
1142 590 1261 642 robora
1284 591 1316 641 et
1338 588 1508 656 cachrym.
1534 620 1537 627 ,

812 677 849 729 ita
874 679 985 730 vocatur
1008 676 1092 746 pilula
1118 677 1146 728 in
1174 677 1305 729 medicina
1329 674 1425 728 urendi
1454 675 1512 727 vim

811 763 919 816 hahens.
959 763 1119 831 gignitur
1137 765 1169 816 et
1187 763 1221 815 in
1239 762 1368 827 abiete,
1387 761 1512 826 larice,

812 849 925 916 picea,
950 849 1045 917 tilia,
1069 867 1168 918 nuce,
1187 851 1299 918 platano,
1319 851 1513 916 postquam,

811 935 894 989 lolia
920 936 1098 1002 occidere,
1123 936 1233 990 hieme
1264 937 1397 989 durans.
1432 951 1514 987 oon·

811 1023 903 1075 tinet
937 1022 1098 1076 nucleum
1131 1024 1248 1091 pineis
1275 1022 1435 1077 similem.
1482 1023 1514 1074 is

812 1110 942 1162 crescit
965 1110 1091 1176 hieme,
1115 1111 1276 1177 aperitur
1294 1125 1373 1162 vere
1399 1108 1514 1176 pilula

812 1199 898 1263 tota,
917 1196 1025 1263 cadit,
1045 1214 1117 1250 cum
1140 1197 1228 1250 lolia
1252 1212 1397 1263 coepere
1416 1211 1514 1248 cres-

812 1301 896 1341 cere.

55 1197 118 1270 λικί,
210 1204 243 1272 τῇ,
263 1195 286 1252 δ’
299 1196 406 1272 ἰδιότητι
430 1205 476 1253 τοῦ
501 1199 652 1274 μετοπώρου
677 1197 760 1272 μετὰ

54 1284 116 1357 τὴν
148 1286 375 1358 φυλλοβολίαν
407 1283 482 1346 etih
513 1286 608 1361 λιπαρά
633 1308 681 1350 τις,
717 1289 760 1339 καὶ

56 1367 143 1444 ὥσπερ
163 1372 321 1444 ἐπιρὸηκυῖα,
345 1373 520 1446 καθαπερανεὶ
546 1376 675 1446 μέλλουσα
700 1376 760 1445 βλα-

58 1456 168 1521 στάνειν,
187 1461 232 1512 καὶ
250 1460 405 1530 διαμένει
428 1459 484 1514 τὸν
509 1466 657 1535 χειμῶνα
684 1464 760 1535 μέχρι

56 1550 104 1599 τοῦ
123 1540 194 1618 ἦρος.
225 1543 264 1618 ’λῇ
283 1547 311 1599 δὲ
326 1542 526 1620 Ἡρακλεωτικιζ,
546 1547 611 1619 μετὰ
630 1546 677 1618 τὴν
697 1544 760 1601 άπα-

56 1630 139 1703 βολήν
163 1637 210 1686 τού
235 1639 337 1705 καρποῦ
362 1631 454 1707 φύεται
479 1632 508 1688 τὸ
534 1635 652 1707 βρυῶὂες,
671 1631 761 1704 ἡλίκος

56 1715 160 1790 σκώληξ
184 1715 334 1791 εὐμεγέθης,
360 1719 386 1779 ἐξ
412 1719 467 1780 ἑνὸς
499 1721 592 1795 μίσχου
616 1721 697 1773 πλείω
716 1718 760 1792 δή·

57 1800 74 1856 ἃ
95 1805 203 1858 καλοῦσί
221 1825 286 1865 τινες
306 1804 414 1866 ἰούλους.

129 1891 187 1956 §ti
218 1889 323 1946 Τούτων
343 1894 451 1952 ἕκαστος
470 1895 499 1946 ἐκ
518 1899 613 1964 μικρῶν
633 1890 762 1964 σύγκειται

58 1978 158 2049 μορίων
178 1979 324 2050 collidaris
348 1985 381 2052 τῇ
405 1977 482 2043 τάξει,
507 1977 626 2053 καθάπερ
646 1982 669 2033 οἱ
689 1979 761 2055 στρό-

58 2064 126 2133 βιλοι
145 2068 192 2134 τῆς
210 2062 309 2137 πεύκης·
333 2061 397 2120 ὥστε
422 2065 458 2138 μὴ
478 2063 602 2137 ἀνομοίαν
627 2067 692 2121 εἶναι
714 2066 761 2140 τὴν

57 2144 118 2221 ὄψιν
144 2151 271 2223 στροβίλιρ
295 2155 347 2224 νέιρ
366 2156 410 2206 καὶ
428 2154 590 2228 χλωρῷ...-
628 2151 711 2208 Ἰ“οὗτο
735 2156 762 2209 δὲ

58 2229 165 2294 αὔξεται
191 2233 235 2289 τὸν
261 2243 375 2312 χειμῶνα
399 2243 443 2294 καὶ
470 2239 499 2294 τὸ
527 2243 610 2311 μῆκος
638 2238 762 2312 λαμβάνει

57 2321 105 2373 καὶ
129 2318 305 2393 τριδάκτυλον,
328 2326 373 2378 καὶ
396 2320 451 2397 ἅμα
475 2331 512 2398 τῷ
533 2320 576 2399 ἦρι
599 2324 705 2401 χάσκει·
729 2328 762 2381 τὰ

57 2407 87 2459 δὲ
106 2405 238 2478 φολιδωτοὶ
256 2411 301 2463 καὶ
323 2409 403 2470 ξανθὰ
424 2413 528 2483 γίνεται.
559 2408 639 2466 Ὅταν
665 2415 692 2467 δὲ
716 2420 762 2468 τοῦ

58 2488 124 2565 ἦρος
142 2491 172 2546 τὸ
191 2491 287 2566 φύλλον
306 2495 446 2570 βλαστάνῃ,
473 2494 548 2552 ταῦτ’
562 2494 701 2554 ἀποπίπτει
719 2503 763 2554 καὶ

158 2577 258 2633 τούτων
280 2577 303 2634 δ’
323 2583 349 2636 ἐν
374 2581 476 2657 ἑκάστῳ
502 2582 597 2657 κάρυον
631 2586 673 2639 ἕν.
705 2589 763 2659 περὶ

57 2668 86 2719 δὲ
113 2670 161 2738 τῆς
189 2665 296 2741 φιλύρας
330 2670 498 2724 ἐπισκεπτέον
529 2672 574 2724 καὶ
592 2671 617 2724 εἴ
644 2692 668 2725 τι
700 2668 762 2726 ἄλλο

57 2749 235 2827 καχρυφόρον.

121 2837 295 2892 Dioscorides
304 2839 355 2907 III,
362 2845 396 2898 79
406 2841 476 2911 (88):
489 2842 518 2896 rh
532 2847 578 2915 μὲν
591 2842 676 2920 ectypo
689 2842 763 2899 δύνα-

60 2944 104 2996 μιν
124 2925 179 3000 ἔχει
197 2925 371 3000 θερμαντικὴν
391 2923 596 3002 άναξηραντικὴν
616 2928 722 3005 σφόδρα.

168 3065 258 3129 Haec
280 3070 497 3152 paragraphus
520 3072 590 3135 sine
613 3070 711 3134 dubio
735 3090 776 3135 ex
798 3070 1012 3154 Theophrasto
1036 3075 1164 3154 sumpta
1188 3088 1257 3134 esse
1281 3070 1359 3133 mihi
1382 3069 1517 3133 videtur.

169 3169 303 3233 Adiecta
326 3177 403 3236 sunt
426 3174 517 3236 initio
541 3195 559 3236 a
582 3174 687 3237 Plinio
719 3175 796 3238 haec
824 3173 936 3238 verba:
971 3177 1034 3254 „ita
1065 3179 1195 3238 vocatur
1228 3173 1327 3257 pilula
1355 3175 1390 3236 in
1421 3175 1519 3238 medi-

64 3274 139 3334 cina
162 3273 276 3336 urendi
292 3275 359 3338 vim
382 3276 536 3360 habens“,
560 3297 642 3361 quae
664 3279 750 3362 apud
765 3278 1015 3362 Theophrastum
1040 3297 1104 3341 uon
1128 3282 1264 3341 exstant.
1311 3277 1456 3341 Fortasse
1479 3297 1531 3342 ex·

66 3377 178 3440 eodem
213 3381 342 3442 auctore
375 3387 502 3464 sumpta
538 3388 615 3445 sunt
649 3387 746 3466 atque
780 3381 877 3447 verba
911 3382 1119 3463 Dioscoridis,
1154 3398 1237 3465 quae
1271 3381 1380 3445 adtuli.
1437 3380 1520 3445 Nam

62 3478 250 3544 Dioscorida
272 3483 343 3566 ipso
366 3483 509 3548 Plinium
534 3505 630 3548 usum
654 3505 811 3551 essenon
834 3492 923 3569 puto,
958 3507 1033 3551 curn
1055 3504 1218 3568 nusquam
1240 3486 1275 3547 in
1298 3484 1405 3551 indice
1427 3485 1518 3547 illum

62 3583 175 3648 laudet
197 3589 228 3648 et
250 3585 392 3671 fortasse,
423 3594 459 3653 ut
491 3589 568 3653 dicit
592 3589 696 3654 Christ
718 3592 752 3652 in
777 3590 982 3672 „Geschichte
1006 3590 1062 3654 der
1084 3589 1303 3673 griechischen
1328 3587 1518 3652 Litterstur“

61 3707 134 3771 pag.
161 3687 234 3770 628,
262 3686 464 3756 Dioscorides
495 3695 637 3777 aequalis
671 3695 766 3758 fuerit
797 3694 903 3757 Plinii.
960 3694 1105 3757 Fortasse
1140 3700 1275 3776 uterque
1310 3697 1439 3756 secutus
1473 3696 1521 3755 est

64 3791 213 3855 Sextium
236 3791 384 3878 Nigrum,
409 3816 503 3879 quem
530 3798 658 3880 quidem
676 3798 803 3862 Plinius
825 3801 859 3861 in
883 3799 980 3861 huius
1004 3796 1075 3859 libri
1099 3797 1205 3862 indice
1228 3797 1336 3860 laudet
1359 3814 1521 3879 quemque

62 3896 193 3977 saepius
226 3915 430 3964 communem
464 3898 660 3965 Dioscoridis
694 3908 725 3966 et
757 3901 856 3965 Plinii
890 3907 1049 3965 auctorem
1084 3901 1183 3964 fuisse
1217 3899 1321 3964 Christ
1358 3901 1521 3964 contendit

63 3998 115 4079 (cl.
140 3997 329 4083 widmann,
352 4001 488 4068 Hermes
511 4004 571 4067 vol.
596 4005 658 4085 24).

62 4177 65 4180 ¹
171 4103 314 4168 Nomina
336 4105 494 4188 arborum,
518 4128 600 4190 quae
624 4109 772 4190 cachrym
795 4109 907 4189 ferant,
931 4107 1016 4191 apud
1041 4112 1217 4190 utrumque
1240 4110 1434 4191 congruunt,
1456 4108 1520 4170 nisi

67 4207 155 4290 quod
177 4206 305 4272 Plinius
327 4230 383 4294 pro
407 4210 494 4288 ,Διὸς
517 4210 661 4297 βάλανος“
685 4214 811 4297 scripsit
835 4211 1023 4296 „platanus“
1051 4231 1155 4276 errore
1187 4212 1356 4293 adductus,
1385 4215 1421 4274 ut
1442 4212 1522 4274 mihi
1605 4241 1607 4246 ¹

65 4311 198 4393 quidem
222 4313 358 4377 videtur.
405 4314 468 4379 Sed
490 4315 630 4379 Plinium
655 4316 706 4378 hio
728 4316 942 4400 Theophrasto
964 4315 1034 4399 ipso
1058 4335 1154 4381 usum
1185 4335 1254 4381 esse
1281 4316 1450 4400 praecipue
1479 4334 1521 4379 ex

66 4433 104 4477 eo
128 4415 268 4499 adparet,
293 4417 379 4499 quod
411 4420 530 4501 resch
560 4420 616 4482 illo
645 4420 776 4482 traditas
810 4421 947 4503 pessime
981 4419 1131 4483 confudit
1190 4419 1271 4483 Nam
1309 4438 1390 4502 quae
1423 4418 1522 4482 Theo-

67 4518 218 4615 phrastus
242 4519 320 4584 dicit
342 4522 381 4586 de
403 4527 553 4607 tempore,
584 4543 648 4608 quo
671 4524 804 4604 cachrys
826 4527 976 4587 nascatur
1004 4524 1036 4585 in
1068 4522 1188 4604 robore,
1210 4524 1358 4606 praeterit
1386 4526 1417 4585 et
1447 4542 1521 4585 cum

64 4621 302 4706 Theophrastus
326 4626 410 4691 dicat
434 4629 467 4691 in
485 4647 551 4691 una
566 4626 677 4691 arbore
699 4626 850 4708 cachrym
865 4631 1033 4708 autumno,
1056 4631 1224 4710 postquam
1249 4627 1324 4689 folia
1339 4626 1520 4707 ceciderint,

65 4725 168 4806 nasci,
191 4724 318 4793 Plinius
341 4729 401 4795 hoc
424 4731 464 4794 ad
488 4749 599 4793 omues
621 4730 748 4795 arbores
770 4729 928 4794 transfert.
