3292 5436
806 77 825 142 8

88 284 230 367 praebet:
263 284 373 366 „glans
396 290 526 368 optuma
549 332 627 350 .,..
651 303 803 347 maxume
826 287 932 346 autem
958 281 1130 366 probantur
1154 285 1409 365 ...probatur
1445 291 1478 348 et
1508 305 1544 348 ea

92 385 95 389 ’
119 436 124 449 .
146 436 176 449 ..
202 387 311 450 melior
333 389 395 449 cui'
408 389 443 450 in
467 390 581 452 cortice
599 388 681 452 ¹etc.“

159 506 192 559 H.
211 504 240 557 P.
261 510 307 572 ΙΙΙ,
326 509 351 571 8,
363 506 388 562 ί.
411 503 447 559 Ἥ
466 509 512 576 μὲν
531 503 578 579 γὰρ
600 502 719 579 ἡμερὶς
744 502 792 560 oda
915 508 991 573 §aa
1020 505 1051 558 ln
1064 504 1132 572 ipsis
1145 521 1207 558 varo
1220 503 1358 559 arboribus
1371 522 1440 574 quae
1453 523 1549 560 maxu-

91 589 224 666 όρδοφυὴς
256 588 333 645 οὐδὲ
363 587 487 663 μακροί·
527 592 712 665 περίκομος
744 590 791 664 γὰρ
845 600 916 644 mam
942 592 992 645 fert
1017 591 1165 645 hemeris
1193 592 1316 656 vocatur,
1344 592 1493 646 brevior
1518 600 1551 646 ot

92 675 242 752 ἠφυτείοι
256 680 299 731 καὶ
312 679 511 749 ἐπεστραμμένη
525 675 791 753 καὶκοιλομοίσχοιλο,
845 677 879 730 in
907 677 1018 731 orbem
1047 692 1184 731 comosa
1208 676 1354 744 alasque
1378 695 1552 733 ramorum

35 797 39 801 -
75 760 155 818 ὥστε
186 762 268 836 ὀξώδη
300 765 344 817 καί
374 761 640 839 πολυμρίσχοιλον
669 764 791 836 γίνεσθαι.
845 764 1110 819 crebrocavata.
1152 761 1432 833 fortiuslignum
1452 780 1552 833 quar-

95 849 133 904 ίὸ
158 852 191 904 δὲ
217 847 314 910 ξύλον
340 847 443 924 ἰσχυρὸν
469 854 522 922 μὲν,
545 846 791 924 ἀσθενέστερον
846 866 906 904 cus
930 850 1046 918 habat,
1070 850 1386 918 etiooorruptius‚
1417 867 1553 905 ramosa

91 937 124 990 δὲ
148 941 206 1007 τῆς
232 941 355 1009 pareo*
377 941 455 990 τοῦτο
479 933 527 1009 γὰρ
549 934 719 1011 ὶσχυρότατον
738 940 793 991 aul
845 935 985 1005 etipsa,
1003 935 1181 1004 procerior
1199 938 1311 989 tamen
1336 940 1370 990 et
1394 937 1554 992 crassior

92 1019 337 1076 ἀσατέστοτον.
379 1019 635 1097 Ουἰιόρδορυὴς
659 1025 693 1078 δὲ
717 1021 794 1078 οὐδὲ
847 1023 1004 1090 caudice,
1040 1021 1289 1077 excelsissima
1320 1023 1553 1090 autemaegi-

92 1103 190 1180 αὕτη,
217 1104 340 1161 ἀλλὰ
326 1129 426 1180 ηττον
452 1111 712 1183 ἐπεστραμμένη
736 1116 795 1182 τῆς
846 1109 935 1178 lopo,
954 1107 1102 1162 lucullis
1120 1108 1235 1163 amica.

92 1193 269 1268 ἡμερίδος·
295 1193 330 1249 τὸ
350 1196 383 1250 δὲ
402 1199 562 1272 στέλεχος
584 1193 794 1271 παχύτατον,

93 1276 219 1336 ὥστεκαὶ
238 1280 285 1354 τὴν
306 1278 732 1358 ὅληνμορφήνβροιχεῖανεῖνοιι
751 1285 795 1338 καὶ

92 1367 139 1442 γὰρ
159 1366 175 1441 ἡ
196 1371 286 1442 φυτεία
305 1391 337 1424 πε
326 1372 446 1443 ρίκορος
468 1373 512 1425 καὶ
530 1367 612 1443 ταύτῃ
630 1367 721 1424 anl'
694 1391 742 1424 ουκ
760 1373 795 1431 είς

87 1449 182 1528 ,ορδόν
209 1452 303 1508 H
274 1476 307 1510 οε
332 1459 476 1531 αίρίλωψ
505 1453 712 1560 ὀρδοριρέστατον
740 1461 796 1512 aul

46 1562 49 1566 ’
94 1537 309 1614 ὑψιηίότοιτον
328 1545 372 1597 καὶ
391 1541 538 1598 δειιίτοιτον·
557 1542 647 1598 καὶτὸ
666 1541 740 1605 ξυὶον
761 1547 797 1604 είς

38 1654 40 1659 <
96 1633 179 1699 pipo:
204 1627 381 1703 ἰσχυρότατον

96 1802 205 1861 δίδῡί,
261 1824 298 1856 6
330 1825 343 1855 u

132 1824 137 1872 t
195 1737 514 1972 Theophraihli
440 1890 534 1955 verba
567 1893 651 1954 siout
678 1890 794 1953 tradita
828 1895 913 1971 sunt,
949 1890 1120 1954 nonnullas
1155 1889 1357 1954 difficultates
1392 1891 1556 1972 praebent.

94 1994 221 2056 Tradita
245 2002 321 2058 sunt
347 2015 403 2078 per
430 1996 555 2059 codices
587 1992 748 2069 Mediceos
772 2000 803 2059 et
825 1993 1107 2058 Vindobonensem
1132 1995 1224 2057 haec:
1260 1991 1432 2078 ,,περίκομος
1457 1992 1557 2078 γὰρὴ

95 2096 198 2182 φυτεία
221 2096 270 2161 καὶ
295 2098 515 2184 ἐπεστραμμένη
539 2095 587 2160 aori
610 2086 846 2184 πολομᾶσχοιλος,
870 2094 944 2160 ὥστε
966 2095 1062 2179 ὀξώδη
1086 2094 1135 2159 καὶ
1151 2095 1380 2183 πολυμάσχαλον
1395 2095 1557 2181 ’ρίνεσίίαιίζ

100 2221 181 2282 quae
217 2205 294 2284 quin
331 2204 409 2265 falsa
443 2207 517 2282 sint,
552 2203 686 2266 dubium
722 2222 791 2266 esso
824 2222 889 2265 non
925 2206 1040 2284 potest.
1099 2200 1207 2264 Codex
1240 2200 1379 2265 Urbinas
1407 2201 1557 2284 praebet:

97 2304 343 2391 ,,πολομοίσχοιλος
375 2301 448 2369 ὥστε
478 2304 584 2389 ὀξώδη
603 2303 652 2369 καί
682 2307 824 2393 βραχεῖαν
847 2303 1006 2390 ·ρίνεσίίαι“,
1038 2325 1134 2388 quam
1167 2305 1333 2369 lectionem
1357 2304 1558 2369 Wimmerus

98 2412 132 2472 in
158 2416 342 2474 contextum
367 2413 495 2494 recepit,
527 2430 598 2474 cum
633 2411 843 2474 Schneiderus
872 2410 1027 2474 vocabulo
1058 2406 1323 2494 „aolopoiopalod
1354 2411 1456 2493 priore
1488 2409 1557 2472 loco

99 2520 220 2577 mutato
237 2517 268 2576 in
291 2514 557 2601 ,,κοιλομοὶσχοιλος“
581 2520 683 2578 cetera
700 2514 797 2578 verba
818 2514 967 2599 praebeat
990 2514 1167 2579 secundum
1194 2514 1319 2577 codices
1342 2513 1504 2578 Medianas
1527 2518 1558 2577 et

100 2619 392 2699 vindobonensem,
415 2620 469 2681 alii
493 2640 548 2702 prr
571 2618 836 2705 ,,πολομοίσχαλος“
859 2621 961 2702 priore
990 2620 1058 2683 loco
1087 2624 1214 2701 propter
1237 2617 1333 2680 Plinii
1358 2617 1553 2682 vocabulum

99 2724 247 2802 ,.,οονιιίιιιι
275 2724 470 2805 scripserunt
492 2722 769 2809 ,,κοιλοροίσχολος.“
806 2723 966 2806 Equidem
983 2722 1061 2805 quid
1077 2727 1199 2784 rectum
1220 2723 1271 2800 sit,
1296 2721 1471 2785 diiudicare
1487 2741 1555 2785 non

101 2825 215 2905 audeo,
240 2827 293 2888 sed
319 2845 369 2888 me
392 2827 479 2889 huno
500 2828 607 2891 locum
631 2827 798 2892 emendare
821 2846 884 2889 non
909 2845 1001 2909 posse
1024 2824 1177 2908 profiteor.

202 2929 315 2993 Postea
339 2912 450 2994 omnes
473 2933 598 2996 codices
621 2931 789 3016 praebent:
813 2927 894 3008 „Ota
917 2927 1066 3015 ὀρδοροὴς
1089 2926 1122 2991 δὲ
1138 2926 1207 2992 οὐδὲ
1224 2926 1307 3013 αὐτὴ,
1331 2927 1398 2993 ἀλλ’
1413 2924 1499 3013 ἧττον
1516 2929 1559 2994 ἔτι

99 3031 151 3113 (ἔτι
175 3034 241 3095 cod.
258 3033 347 3116 Urb,
370 3031 429 3097 ἐστὶ
453 3038 547 3099 ceter-i
571 3036 653 3118 cod)
677 3041 727 3119 τῆς
749 3031 913 3120 ἡμερίδοςί,
945 3054 1027 3117 quae
1057 3040 1140 3098 certe
1163 3034 1243 3098 nihil
1266 3035 1351 3097 aliud
1376 3033 1559 3116 significare

99 3146 234 3220 possunt
263 3140 340 3201 nisi:
373 3158 458 3218 „non
491 3140 595 3203 recta“
626 3144 732 3203 autem
762 3141 857 3204 etiam
889 3140 977 3218 haec,
1007 3138 1061 3201 sed
1093 3138 1187 3201 etiam
1217 3139 1325 3201 minus
1347 3146 1432 3202 recta
1455 3159 1554 3221 quam

100 3241 243 3304 hemeris.
292 3242 417 3305 Plinius
441 3244 665 3307 contradicit:
692 3263 835 3326 „ramosa
858 3245 980 3326 etipsa
1003 3238 1116 3322 (εοιίιι
1140 3239 1288 3328 δρδοιροής
1311 3239 1343 3305 δὲ
1367 3240 1436 3305 οὐδὲ
1461 3237 1558 3326 αὕτη),

103 3346 262 3428 procerior
291 3352 395 3409 tamen
426 3354 457 3410 et
487 3348 623 3411 crassior
649 3347 813 3430 caudiee“‚
841 3347 935 3429 plane
957 3348 1055 3430 igitur
1078 3347 1233 3409 contraria
1255 3352 1339 3428 sunt,
1364 3365 1446 3430 quae
1469 3352 1558 3411 uter-

101 3468 164 3531 que
199 3455 307 3512 auctor
342 3449 478 3533 praehet.
536 3450 703 3515 Pliniusne
738 3449 834 3514 verba
860 3449 1065 3533 Theophrasti
1098 3450 1177 3512 falso
1211 3451 1370 3514 intellexit
1403 3471 1442 3513 an
1470 3451 1558 3533 apud

99 3554 351 3635 Theophrastum
374 3554 467 3617 lectio
491 3559 637 3637 corrupta
660 3555 729 3618 est?
785 3553 864 3618 Mihi
895 3553 1024 3637 quidem
1056 3555 1232 3618 sententiae
1256 3556 1356 3637 magis
1381 3556 1557 3620 convenire

104 3657 261 3738 videntur,
285 3677 367 3740 quae
389 3656 516 3721 Phnins
537 3657 673 3741 praebet.
729 3658 871 3739 Accedit,
906 3656 991 3741 quod
1016 3656 1101 3721 Gaza
1131 3659 1218 3721 hunc
1244 3658 1350 3721 locum
1375 3660 1420 3721 sio
1443 3661 1557 3723 vertit:

104 3760 186 3841 „Sed
210 3779 270 3823 nec
292 3762 361 3843 ipsa
384 3767 432 3825 est
453 3766 551 3842 recta,
573 3782 770 3845 quamquam
794 3763 902 3826 minus
926 3766 1006 3824 torta
1029 3781 1124 3845 quam
1150 3765 1317 3844 quercus.“
1364 3761 1427 3824 Hic
1459 3763 1560 3844 igitur

101 3865 133 3925 in
160 3883 218 3926 suo
241 3863 445 3946 Theophrasti
473 3866 581 3931 codice
612 3866 674 3929 aha
702 3866 779 3949 legit
807 3871 903 3949 atque
932 3884 1000 3932 nos.
1047 3862 1148 3939 Quem
1180 3871 1310 3929 secutus
1341 3865 1557 3930 Schneiderus

102 3985 176 4029 oum
208 3966 410 4051 Doleoampio
442 3989 497 4053 pro
526 3968 605 4046 „ire‘
629 3970 755 4053 scripsit
783 3970 985 4054 participium
1017 3968 1283 4054 .,ἐιιεστροιμμὲνη“,
1308 3970 1438 4034 fortasse
1461 3976 1557 4035 recte.

102 4068 181 4135 Οὐδὲ
206 4069 280 4154 αὐτὴ
305 4090 379 4134 cum
403 4072 548 4138 Schneid.
572 4075 606 4138 in
629 4071 698 4137 οὐδὲ
722 4068 796 4158 aila-n
822 4073 975 4139 mutanda
997 4093 1066 4138 esse
1087 4079 1175 4158 puto.

208 4175 302 4237 Hanc
324 4178 558 4265 paragraphum
582 4197 633 4243 me
657 4178 788 4261 quidem
812 4179 918 4242 iudice
941 4177 1067 4242 Plinius
1091 4197 1127 4243 ex
1149 4176 1361 4260 Theophrasto
1389 4183 1560 4245 mutuatus

103 4284 159 4342 est.
208 4279 396 4360 Congruunt
420 4284 535 4364 omnia,
558 4283 620 4345 nisi
645 4282 730 4365 quod
751 4281 878 4346 Plinius
899 4283 992 4346 initio
1016 4283 1131 4347 adiecit
1162 4281 1353 4347 hemeridem
1383 4284 1559 4349 maximam

103 4383 250 4464 glandem
276 4384 367 4457 ferre,
392 4405 474 4467 quae
496 4385 628 4450 fortasse
651 4386 753 4450 eidem
777 4387 898 4449 auctori
921 4391 1017 4470 atque
1045 4406 1092 4468 ea,
1121 4405 1203 4469 quae
1226 4387 1429 4469 antecedunt,
1453 4387 1559 4454 debet.

175 4502 302 4568 ll.111,8,
316 4508 339 4559 5.
365 4500 399 4557 ‘11
418 4506 451 4559 δὲ
472 4504 711 4580 πλατύρυλλος
730 4503 803 4561 bad·
926 4505 1002 4572 §23¹
1038 4505 1086 4560 Ab
1108 4506 1168 4560 hac
1193 4522 1357 4576 proxuma
1377 4506 1561 4566 latifoliae

101 4608 199 4661 τερον
226 4586 390 4662 δρίίοιροῖρ
414 4593 457 4645 καὶ
477 4590 562 4664 palae,
588 4591 668 4666 πρὸς
692 4590 803 4663 δὲτὴν
857 4592 1065 4660 proceritas,
1094 4593 1153 4648 sed
1182 4593 1298 4648 minus
1328 4593 1432 4648 utilis
1459 4596 1560 4651 aedi-

102 4675 222 4748 χρείοιν
258 4673 316 4745 τὴν
360 4676 583 4752 οἰκοδομικὴν
626 4679 802 4755 χείριστον
855 4677 955 4733 ficiis
981 4678 1085 4750 atque
1119 4678 1276 4749 carboni,
1302 4680 1416 4736 dolata
1450 4682 1560 4740 vitiis
