3292 5436
778 110 821 173 49

174 313 264 378 Haeo
290 315 508 398 paragraphus
539 318 618 398 quin
648 317 864 400 Theophrasto
894 319 956 402 ipsi
987 318 1150 402 debeatur,
1179 324 1263 385 certe
1293 320 1432 385 dubitari
1460 341 1528 386 non

61 422 181 502 potest.
220 417 304 482 Nam
327 437 449 483 errores
464 419 613 483 nonnulli
629 421 854 504 inveniuntur,
878 421 999 506 quibus
1014 424 1148 487 maiores
1163 424 1222 485 vix
1237 425 1370 507 cogitari
1391 431 1533 508 possunt

59 523 195 604 quique
217 522 309 586 nulla
331 523 449 587 aliare
471 524 535 586 nisi
565 543 692 588 summa
714 525 926 609 neglegentia,
962 545 1026 610 qua
1049 526 1178 591 Plinius
1208 527 1357 593 utebatur
1378 531 1414 592 iu
1436 530 1528 594 libris

64 626 312 709 componendis,
334 626 409 690 oriri
430 632 615 710 potuerunt.

175 728 264 805 Quae
277 732 378 826 'initio
402 730 441 794 de
471 730 561 794 lauro
591 736 622 795 et
652 731 796 796 abellana
825 732 988 815 dicuntur,
1018 733 1213 817 respondent
1242 735 1292 816 iis,
1321 755 1404 819 quae
1431 737 1531 802 Theo-

65 835 221 917 phrastus
243 835 382 918 praebet,
399 835 471 898 ‘nisi
495 834 581 918 quod
606 835 645 899 de
668 836 735 899 iulo
757 836 874 900 adiecit
889 836 1019 900 Plinius
1044 840 1246 922 „compactili
1268 840 1360 922 calle,
1384 840 1425 903 ad
1448 843 1528 905 nihil

63 938 184 1002 utilis.“
231 937 356 1004 Deinde
378 939 522 1022 loquitur
540 938 668 1002 Plinius
693 939 731 1002 de
754 938 854 1022 buxo,
877 944 909 1004 et
932 959 1015 1024 quae
1038 941 1077 1004 de
1100 942 1159 1006 hac
1183 943 1293 1007 arbore
1309 943 1418 1026 adfert,
1441 946 1529 1029 apud

53 1044 320 1128 'Theophrastum
355 1061 517 1126 nusquam
557 1042 596 1106 de
630 1042 739 1106 eadem
775 1043 860 1106 dicta
887 1045 1107 1108 inveniuntur.
1163 1045 1226 1110 Sed
1255 1052 1429 1132 crataegus,
1463 1069 1529 1132 quo

64 1150 200 1212 nomine
228 1147 356 1211 Plinius
386 1145 546 1230 signifieat
578 1166 716 1229 granum
750 1145 842 1231 buxi,
876 1147 962 1230 apud
990 1146 1243 1232 Theophrastum
1278 1156 1325 1214 est
1355 1152 1459 1236 arbor,
1492 1153 1532 1217 de

63 1274 133 1338 qua
161 1252 326 1336 complura
353 1251 447 1315 refert
477 1249 536 1329 III,
560 1250 612 1330 15,
635 1252 673 1327 63
709 1256 740 1314 et
769 1249 897 1315 Plinius
927 1251 997 1334 ipse
1027 1250 1171 1334 XXVII,
1207 1254 1248 1318 63
1279 1255 1362 1319 hauc
1385 1255 1529 1321 arborem

53 1377 148 1440 -esse,
181 1376 277 1440 quam
309 1354 417 1418 Latini
448 1353 635 1437 aquifolium
664 1361 790 1436 vocent,
826 1355 912 1419 dicit
969 1354 1090 1438 Cetera,
1127 1376 1210 1439 quae
1244 1357 1371 1422 Plinius
1404 1360 1458 1423 hic
1492 1361 1532 1425 de

63 1462 157 1525 buxo
193 1461 288 1541 dicit,
323 1458 558 1541 Theophrastus
590 1457 629 1521 de
660 1458 731 1522 ilice
760 1464 870 1522 narrat
891 1457 952 1541 111,
976 1458 1028 1541 16,
1054 1460 1081 1522 1.
1138 1459 1266 1524 Plinius
1299 1464 1399 1546 igitur
1431 1462 1531 1528 Theo·

61 1565 187 1651 phrasti
208 1563 307 1628 verba
328 1564 467 1646 pessime
491 1561 692 1625 confundens
723 1563 831 1625 omnia
859 1563 938 1626 haec
969 1564 1008 1628 ab
1036 1565 1110 1628 ilice
1139 1564 1179 1627 ad
1209 1564 1336 1629 buxum
1365 1568 1531 1632 transtulit

60 1672 203 1754 eiusque
236 1686 336 1752 grano
371 1665 525 1729 adtribuit
557 1684 676 1729 nomen
715 1671 907 1750 crataegum.
964 1667 1110 1733 Ceterum
1151 1668 1251 1732 Plinii
1292 1670 1396 1754 ipsius
1429 1671 1528 1735 verba

59 1775 214 1839 festinate
236 1772 314 1836 haec
337 1770 453 1852 scripta
477 1787 546 1833 esse
562 1766 800 1853 demonstrant,
821 1790 897 1834 nam
922 1773 1093 1856 „pluruma
1109 1790 1185 1836 vero
1208 1772 1310 1837 buxr‘
1336 1773 1529 1839 obloountur

53 1880 117 1960 die,
154 1894 238 1959 quae
271 1879 400 1941 exstant
433 1875 467 1936 in
504 1893 626 1956 paragr.
651 1872 692 1938 28
729 1873 847 1955 „robur
879 1881 1004 1957 praeter
1036 1877 1178 1940 fructum
1215 1876 1367 1960 pluruma
1401 1883 1432 1942 et
1466 1879 1529 1941 alia

58 1981 200 2066 gignit‘t
256 1979 422 2043 Praeterea
455 1977 573 2040 mirum
607 1982 667 2059 est,
701 1977 787 2061 quod
820 1978 948 2042 Plinius
981 1987 1092 2063 postea
1123 1982 1152 2058 (ᾖ
1175 1981 1369 2062 ane-247),
1403 1980 1460 2045 ubi
1490 1982 1529 2046 de

59 2087 156 2149 visco
178 2085 303 2168 proprie
327 2084 415 2171 dicit,
437 2083 521 2144 inter
536 2080 672 2162 arbores,
697 2081 816 2164 quibus
833 2083 960 2146 viscum
976 2084 1204 2168 adgnascatur,
1227 2085 1333 2149 ilicem
1350 2091 1529 2168 enumerat,

59 2190 195 2255 buxum
215 2207 283 2251 non
306 2191 538 2250 commemorat.

134 2325 246 2393 1,3,1.
283 2322 426 2397 Δένὸρον
450 2327 496 2395 μὲν
522 2319 566 2377 οὖν
592 2324 645 2377 ἐστι
668 2321 699 2376 τὸ
718 2319 769 2377 ἀπὸ
892 2324 980 2389 ξ121.
1012 2324 1163 2378 Arbores
1182 2325 1528 2394 quaedamsimplices,

57 2417 137 2490 ῥίζης
152 2406 768 2486 μονοστέλεχες,ὀξωτὸν,πολύκλαδον,
822 2409 955 2477 quibus
972 2426 988 2462 a
1005 2410 1124 2465 radice
1143 2412 1277 2465 caudex
1296 2414 1527 2466 unusetrami

56 2491 768 2568 οὐκεόαπόλντον,οῐονἑλαία,αοκῆ,’ἇμπελος.
821 2496 1046 2564 frequenteS,
1083 2498 1120 2550 ut
1155 2496 1287 2565 olivae,
1324 2500 1411 2565 fico,
1447 2499 1526 2553 viti.

132 2591 160 2645 2.
196 2586 305 2641 ...ἔτι
330 2586 358 2640 δὲ
383 2585 482 2656 μᾶλλον
507 2578 583 2655 ἄγνος
607 2586 652 2637 καὶ
676 2579 769 2637 iza·
822 2583 951 2650 quaedam
964 2583 1526 2654 fruticosigeneris,utpaliurus,

53 2677 203 2749 λίοορος
229 2675 274 2728 καὶ
301 2670 315 2727 b
343 2668 442 2731 κιττός·
473 2667 536 2725 ὥσθ’
554 2667 770 2742 ὁμολογουμένως
821 2656 976 2738 myrtus,
1012 2669 1097 2724 item
1125 2687 1194 2724 nux
1226 2670 1405 2740 abellana,
1442 2672 1527 2740 quin

44 2768 146 2819 -ταῦτα
161 2762 259 2834 γίνεται
277 2760 377 2833 δένδρα.
414 2758 500 2812 καίτοι
517 2755 673 2829 θαμνώδη
692 2759 769 2811 ἐστίν.
821 2754 922 2810 immo
946 2755 1067 2811 melior
1091 2760 1124 2810 et
1142 2758 1323 2826 copiosior
1346 2759 1466 2814 fructu
1490 2759 1526 2812 in

132 2854 159 2907 3.
202 2845 237 2903 Ὃ
264 2848 298 2902 δὲ
325 2843 486 2919 pippinos
521 2842 560 2916 μὴ
595 2842 769 2918 ανακαθαιρό-
821 2841 937 2909 pluris
962 2843 1123 2912 dispersa
1146 2860 1267 2899 ramos.
1313 2846 1348 2898 in
1375 2847 1525 2914 quibus·

46 2957 139 3009 >peaes
159 2934 392 3006 ἑκθαμνοῦται
410 2933 466 2986 καὶ
481 2927 768 3003 ὴἬράκὶαωτιαή
821 2929 894 2981 dam
913 2929 1051 2984 omnino
1069 2930 1205 2999 nullus,
1225 2935 1261 2984 ut
1278 2932 1524 3001 insuogenere
1633 2977 1635 2981 Α

39 3021 177 3098 καρύα.
208 3018 289 3075 Δοκεῖ
305 3014 429 3091 δὲαῦτη
448 3039 483 3090 γε
501 3015 625 3070 καὶτὸν
639 3016 767 3091 καρπὸν
821 3017 924 3081 buxo,
943 3015 1014 3070 loto
1034 3018 1298 3071 transmarinae.

45 3109 184 3184 βελτίω
208 3109 270 3161 aab
289 3107 394 3161 πλείω
420 3108 515 3179 φέρειν,
543 3102 599 3156 ἐὰν
620 3101 765 3177 ῥάβδους

41 3218 104 3258 τις
130 3196 169 3267 ἐᾷ
191 3195 345 3256 πλείους,
373 3189 406 3253 ὡς
430 3197 476 3264 τῆς
505 3187 606 3264 φύσεως
633 3189 766 3262 θαμνώ-

51 3285 137 3343 δοος
158 3276 245 3354 οὔσης.
268 3303 271 3309 ·

54 3401 57 3407 -
129 3367 153 3434 Ι,
171 3371 197 3435 8,
214 3372 244 3424 2(
276 3365 416 3438 ...πλὴν
442 3366 467 3420 εἴ
491 3387 520 3420 τε
548 3364 590 3420 διὰ
616 3362 766 3437 πυκνότητα

13 3446 17 3453 ’
54 3455 233 3514 παντελῶς
253 3449 374 3515 ἄνοζον
393 3449 411 3524 ἢ
430 3448 553 3524 clipeiue,
577 3454 630 3507 οἷον
649 3450 764 3515 πύξος,

18 3548 23 3555 ’
54 3539 174 3611 λωτός

165 3646 293 3711 Plinius
338 3647 418 3729 quin
459 3647 494 3709 in
529 3647 588 3708 hac
625 3645 821 3728 paragrapho
857 3641 1078 3725 componenda
1111 3641 1324 3725 Theophrasto
1367 3662 1447 3706 usus
1482 3644 1523 3707 sit

59 3757 202 3832 auctore,
223 3750 303 3814 mihi
327 3750 458 3833 quidem
482 3748 619 3813 dubium
641 3767 707 3810 nou
730 3752 786 3811 est.
832 3745 917 3809 Nam
939 3745 1067 3809 nullum
1090 3745 1156 3809 fere
1180 3745 1374 3809 vocabulum
1392 3746 1519 3809 Plinius

56 3853 202 3940 praebet,
232 3854 318 3938 quod
341 3853 427 3937 apud
449 3852 700 3937 Theophrastum
730 3870 797 3913 non
827 3854 946 3930 exstet,
981 3853 1142 3933 praeterea
1165 3849 1292 3912 Plinius
1322 3849 1414 3913 valde
1444 3869 1520 3913 con·

56 3959 145 4023 fudit
171 3957 377 4042 Theophrasti
408 3955 514 4020 verba.
569 3956 664 4021 Initio
687 3954 815 4018 Plinius
848 3953 925 4017 dicit
961 3953 1154 4036 „nonnullas
1187 3952 1315 4017 arbores
1343 3971 1413 4018 esse
1442 3955 1519 4017 sim·

56 4063 160 4148 plices
183 4062 273 4145 etc.“,
296 4081 371 4125 cum
386 4060 620 4143 Theophrastus
642 4060 703 4122 hoo
725 4059 871 4121 omnium
894 4056 1044 4120 arborum
1067 4058 1232 4141 proprium
1249 4075 1319 4121 esse
1336 4057 1519 4138 contendat,

59 4184 128 4250 quo
151 4166 375 4230 discernantur
397 4162 611 4246 afruticibus,
635 4162 691 4226 sed
710 4163 780 4246 ipse
795 4167 905 4245 postea
921 4161 998 4223 dicit
1012 4161 1048 4223 in
1063 4161 1218 4244 paragr.2
1240 4162 1298 4224 has
1315 4161 1519 4225 definitiones

56 4288 93 4334 se
122 4268 208 4333 velle
238 4269 341 4352 accipi
369 4274 535 4352 tamquam
565 4267 751 4331 summatim
781 4271 878 4348 atque
907 4266 942 4327 in
973 4266 1163 4329 universum
1196 4265 1325 4348 positas.
1384 4264 1521 4328 Prorsus

44 4372 194 4437 --confusa
228 4377 316 4456 sunt,
349 4392 431 4455 quae
461 4376 616 4436 secuntur
644 4369 730 4454 apud
754 4369 899 4433 Plinium
932 4369 1111 4453 „quaedam
1141 4368 1286 4431 fruticosi
1316 4370 1453 4452 generis,
1484 4373 1522 4432 ut

56 4477 216 4562 paliurus,
249 4482 389 4559 myrtus,
424 4478 501 4541 item
523 4495 595 4538 nux
619 4473 789 4538 abellana“.
835 4471 1045 4537 Commiscuit
1074 4473 1127 4535 hic
1157 4470 1264 4551 verba,
1300 4491 1382 4555 quae
1405 4472 1520 4552 adtuli,

44 4579 275 4665 Theophrasti,
310 4580 366 4663 qui
401 4580 479 4643 haec
513 4580 605 4643 dicit:
643 4577 820 4662 „nonnulla
851 4596 868 4641 e
895 4596 1012 4661 genere
1042 4595 1101 4640 suo
1133 4575 1312 4658 discedunt,
1345 4574 1519 4658 praecipue

55 4684 207 4769 paliurus
234 4688 266 4749 et
294 4684 420 4766 hedera,
454 4702 547 4767 quae,
577 4684 636 4748 etsi
666 4681 817 4746 fruticosa
847 4687 934 4764 sunt,
977 4685 1099 4744 tantam
1128 4679 1385 4764 magnitudinem
1408 4677 1522 4763 ,adipi-

1307 4837 1325 4871 k
