3292 5436
857 118 898 182 14

252 329 359 394 Verba
388 329 602 413 Theophrasti,
637 348 719 412 quae
755 335 907 392 secuntur
937 347 1042 410 nsque
1075 328 1114 391 ad
1147 326 1243 391 finem
1267 347 1389 411 paragr.
1412 328 1447 411 4,
1483 332 1603 411 praeter

146 457 249 519 pauca
272 437 403 517 singula
425 440 569 498 constare
593 435 742 497 videntur
764 437 795 496 et
825 434 876 496 hic
904 434 998 516 plane
1029 438 1222 515 congruunt,
1254 451 1336 516 quae
1360 433 1491 496 Plinius
1523 433 1605 513 dicit,

148 542 211 607 nisi
236 539 322 622 quod
353 539 508 602 nonnulla
537 537 742 622 Theophrasti
773 537 851 600 falso
882 538 1046 603 intellexit.
1105 536 1234 619 Legisse
1268 538 1354 599 enim
1389 537 1522 602 videtur
1556 556 1606 621 pro

147 626 300 729 ,,έριῶόες“
324 646 508 727 ,,ιαροωὸες“
532 649 562 705 et
585 644 643 705 hac
665 661 698 705 re
721 641 879 705 adductus
904 641 942 704 dc
965 643 1015 705 his
1037 642 1148 724 pilulis
1169 641 1263 723 plane
1279 641 1340 704 alia
1363 641 1498 724 praebet
1514 647 1607 725 atque

148 748 391 831 Theophrastus
448 747 509 823 Qui
545 767 618 811 cum
656 747 740 809 dicat
772 745 855 808 hanc
889 745 1022 828 pilulam
1056 765 1125 809 esse
1165 747 1314 827 lanatam,
1349 746 1492 828 mollem,
1528 748 1608 809 circa

151 854 310 916 duriorem
347 852 497 915 nucleum
528 856 719 915 crescentem
752 856 782 913 et
812 850 952 913 adhiberi
988 851 1026 912 ad
1061 851 1264 914 lucernarum
1298 851 1432 932 lumina,
1470 850 1608 932 Plinius,

149 976 221 1020 cum
247 975 302 1040 pro
325 958 479 1042 ,,ἐριῶὸες“
503 957 629 1035 legisset
653 954 845 1039 ,,καροῶὸες“,
869 955 925 1017 has
948 955 1065 1038 pilulas
1093 954 1187 1037 plane
1218 955 1337 1018 similes
1366 974 1436 1019 esse
1467 954 1609 1019 nucibus

149 1061 210 1122 sibi
243 1061 346 1142 finxit,
381 1062 427 1124 sie
457 1065 492 1124 ut
523 1061 659 1124 exterior
689 1079 760 1142 pars
792 1061 833 1122 sit
864 1060 970 1141 calyx,
1004 1060 1134 1123 interior
1168 1060 1303 1124 nucleus
1336 1064 1368 1124 et
1401 1060 1489 1122 circa
1525 1060 1608 1123 hunc

152 1166 263 1228 molles
297 1164 398 1246 flocci,
437 1167 493 1248 qui
527 1167 591 1249 apti
627 1166 691 1226 sint
724 1164 927 1226 lucernarum
967 1163 1155 1227 luminibus.
1213 1163 1284 1227 Ηοο
1322 1164 1414 1227 nrodo
1453 1165 1484 1226 si
1524 1165 1608 1227 hunc

150 1269 248 1334 Plinii
288 1268 392 1332 locum
431 1271 687 1352 interpretamur,
719 1267 902 1331 Schneideri
925 1267 1000 1350 (III,
1033 1268 1104 1348 170)
1139 1271 1322 1332 coniectura
1359 1287 1424 1331 non
1464 1286 1607 1351 egemus,

151 1376 206 1456 qui
245 1375 290 1437 sic
328 1373 425 1436 Plinii
464 1374 560 1437 verba
604 1374 830 1456 distinguenda
872 1392 941 1436 esse
987 1373 1079 1436 dicit:
1128 1374 1288 1456 „nucibus
1333 1391 1395 1436 non
1444 1371 1607 1437 absimiles

149 1479 247 1558 intua,
289 1477 441 1542 habentes
475 1477 590 1542 floccos
628 1480 717 1559 etef‘,
758 1497 840 1559 quae
878 1477 1045 1540 verborum
1084 1477 1244 1542 distinctio
1279 1477 1329 1540 vel
1368 1496 1425 1560 per
1456 1495 1494 1540 se
1534 1477 1608 1540 mihi

151 1584 280 1669 quidem
312 1582 466 1664 displicet.

255 1703 409 1788 Corrupto
437 1709 514 1768 sunt
543 1703 640 1768 verba
669 1705 883 1788 Theophrasti,
918 1722 1000 1787 quae
1036 1704 1150 1767 tradita
1181 1708 1259 1767 sunt
1292 1704 1384 1767 initio
1420 1722 1551 1787 paragr.
1573 1701 1606 1767 5:

148 1807 235 1895 ,,<ροέι
257 1807 285 1872 δ’
309 1807 475 1895 ἐντεριώνης
497 1812 550 1872 τῶν
580 1811 673 1895 ῥοπῶν
698 1806 883 1896 μασχαλὶὃας
907 1809 1003 1894 ἕτερον
1028 1805 1161 1892 σφαιρίον
1185 1811 1272 1884 κτλ.“,
1297 1826 1380 1891 quae
1402 1812 1488 1871 certe
1521 1807 1608 1871 nihili

151 1919 236 1979 sunt.
285 1913 371 1977 Gaza
392 1915 480 1978 hunc
504 1914 608 1978 locum
633 1916 679 1977 sic
703 1917 815 1979 vertit:
853 1914 928 1997 „sed
960 1919 989 1978 et
1020 1913 1053 1975 in
1086 1930 1245 1975 ramorum
1276 1913 1335 1975 alis
1357 1912 1491 1996 pilulam
1518 1914 1608 1977 aliam

151 2020 286 2102 gignit‘,
307 2038 409 2101 ¹quae
442 2019 636 2102 respondent
673 2019 778 2083 verbis
817 2018 928 2082 Plinii:
969 2020 1128 2101 ,gignunt
1165 2022 1196 2080 et
1233 2017 1300 2080 alae
1337 2036 1498 2080 ramorum
1540 2019 1605 2081 eius

150 2123 298 2207 pilulas.“
346 2121 474 2207 Optima
504 2137 579 2187 ‘esse
608 2128 639 2186 et
668 2123 709 2186 ad
745 2125 934 2187 sententiam
969 2124 1109 2186 maxime
1144 2122 1300 2205 quadrare
1332 2121 1410 2184 mihi
1444 2121 1607 2202 videntur,

152 2247 234 2312 quae
256 2226 413 2291 Rohertus
436 2228 584 2292 coniecit:
610 2224 696 2312 „prist
719 2224 747 2290 d'
765 2225 907 2311 ἐνδοτέρω
930 2231 980 2310 τῆς
1003 2231 1056 2289 τῶν
1080 2224 1196 2312 ῥάβδων
1228 2223 1437 2312 μαοχαλῖδος.“
1492 2225 1607 2311 Neque

157 2337 278 2397 rectum
301 2350 370 2395 esse
394 2331 521 2397 videtur
543 2330 735 2395 vocabulum
759 2331 990 2417 ,,κοιλόμιοχον“,
1025 2332 1110 2414 quod
1134 2333 1288 2415 sequitur.
1344 2329 1426 2394 Nam
1450 2331 1607 2395 antecedit

153 2432 323 2522 ,,ὀί’μιορον“,
368 2437 414 2500 sic
457 2441 494 2499 ut
538 2437 662 2499 dicatur
705 2437 808 2519 prius:
857 2437 939 2499 hanc
984 2436 1117 2520 pilulam
1155 2435 1339 2520 pediculum
1376 2455 1442 2499 non
1481 2435 1607 2515 bahem,

155 2541 288 2607 deinde:
326 2541 409 2603 hanc
446 2541 580 2624 pilulam
618 2540 802 2625 pediculum
837 2561 951 2605 cavum
996 2541 1128 2624 habere,
1174 2541 1260 2625 quod
1298 2544 1381 2605 certe
1418 2540 1526 2604 nihili·
1553 2546 1605 2604 est.

152 2645 282 2709 Plinius
320 2644 396 2708 dicit
433 2645 491 2708 has
528 2644 644 2728 pilulas
682 2645 867 2727 pediculum
905 2665 970 2708 non
1009 2647 1142 2727 habere,
1181 2645 1236 2709 sed
1271 2645 1309 2708 de
1346 2664 1425 2709 cavo
1462 2645 1607 2729 pediculo

152 2749 232 2811 nihil
267 2749 351 2812 dicit.
409 2747 472 2812 Sed
505 2752 647 2812 extrema
680 2749 787 2830 verba,
822 2769 904 2832 quae
938 2750 977 2814 de
1009 2751 1060 2814 his
1093 2749 1201 2833 pilulis
1232 2747 1369 2833 praehet,
1401 2750 1481 2813 haec
1516 2755 1606 2813 sunt:

161 2853 297 2935 „apertis
320 2858 426 2916 autem
450 2857 516 2918 atra
545 2853 685 2916 inanitas
708 2853 784 2934 est‘,
814 2873 897 2936 quae
918 2853 1111 2939 respondent
1140 2854 1191 2916 his
1219 2853 1441 2936 Theophrasti:
1476 2850 1607 2938 „alverad-

156 2979 241 3040 μενον
275 2954 304 3020 δ’
326 2954 385 3020 ἐστὶ
420 2956 510 3042 μέλαν
543 2953 593 3020 καὶ
627 2954 812 3042 ἐπίσαπρον.“
868 2957 929 3023 Sed
965 2959 1051 3023 unde
1084 2957 1212 3022 Plinius
1246 2959 1383 3041 sumpsit
1416 2957 1607 3021 vocabulum

156 3060 355 3144 „inanitas?‘⁴
402 3061 453 3124 Ex
476 3062 526 3126 his
547 3060 764 3145 Theophrasti,
787 3081 870 3145 quae
886 3062 997 3143 adtuli,
1026 3067 1108 3127 certe
1139 3063 1198 3126 hoc
1227 3064 1367 3126 mutuari
1397 3081 1461 3125 non
1495 3063 1607 3145 potuit,

160 3183 266 3248 neque
303 3169 396 3229 antea
432 3166 518 3250 apud
555 3164 806 3249 Theophrastum
844 3165 946 3230 ullum
985 3167 1120 3232 verbum
1157 3167 1331 3243 invenitur,
1368 3185 1410 3230 ex
1448 3185 1515 3249 quo
1552 3168 1609 3230 hoo

159 3269 325 3334 desumere
358 3271 504 3352 potuerit.
562 3267 667 3345 Quare
704 3269 866 3334 adsentior
903 3270 1080 3352 Scaligem,
1119 3272 1175 3354 qui
1213 3271 1348 3335 coniecit
1385 3268 1608 3358 ,μιοιλόμιαμονι

159 3374 349 3438 mutandum
372 3376 498 3438 esseio
521 3371 735 3459 ,,κοιλόμοχον“
758 3375 778 3436 i.
801 3392 826 3437 e.
851 3376 959 3454 „intus
982 3375 1128 3438 cavum.“

262 3495 402 3559 Confusa
425 3499 501 3559 sunt
524 3496 601 3558 haee
625 3493 722 3558 Plinii
745 3492 856 3558 verba:
882 3495 1041 3579 „gignunt
1063 3500 1093 3560 et
1116 3495 1183 3560 alae
1205 3514 1366 3559 ramorum
1390 3495 1460 3560 eius
1482 3495 1608 3579 pilulas,

157 3618 297 3683 corpore,
320 3619 385 3662 non
408 3599 556 3683 pediculo
579 3597 788 3678 adhaerentis,
811 3598 1009 3663 candicantis
1024 3598 1196 3681 umbilicis,
1219 3603 1321 3663 cetera
1344 3599 1435 3682 nigra
1457 3601 1609 3664 varietate

158 3703 309 3787 dispersa,
338 3703 442 3767 media
473 3707 504 3766 et
534 3703 620 3765 cocci
648 3701 783 3765 colorem
813 3702 945 3781 habent3
981 3705 1096 3786 apertis
1120 3708 1227 3767 autem
1261 3707 1328 3767 atra
1360 3702 1503 3766 inanitas
1540 3702 1610 3783 esr‘,

158 3825 240 3889 quae
268 3806 463 3889 respondent
491 3807 539 3870 his
561 3805 782 3889 Theophrasti}
817 3804 910 3882 „oda
934 3804 961 3869 δ’
977 3806 1116 3894 ἐνδοτέρω
1140 3813 1190 3891 τῆς
1213 3812 1266 3870 τῶν
1289 3805 1405 3892 ῥάβδων
1429 3806 1611 3895 μασχαλίδος

157 3910 252 3996 ἕτερον
276 3907 408 3997 σφαιρίον
431 3905 556 3996 ἄμιοχον
578 3907 628 3973 καὶ
651 3906 835 3995 κοιλόμοχον,
865 3907 937 3974 ἴδιον
967 3908 1017 3975 καὶ
1039 3908 1182 3974 ποικίλον·
1211 3911 1276 3982 τούς
1300 3907 1351 3996 μέν
1374 3909 1430 3994 γὰρ
1453 3911 1611 3995 ἐπανεστη-

156 4013 243 4087 κότας
275 4012 424 4100 ὀμφαλοὺς
453 4012 622 4086 ἐπιλεέκοος
652 4009 671 4098 ἢ
703 4014 920 4099 ἐπεοτιγμένοος
951 4012 1015 4100 ἔχει
1046 4014 1181 4100 μέλανας,
1209 4014 1240 4078 τὸ
1265 4011 1292 4077 δ’
1308 4012 1364 4078 αἰνά
1393 4013 1481 4099 μέσον
1512 4041 1612 4082 κοκκο-

157 4117 248 4204 βαφὲς
282 4114 331 4181 καὶ
365 4116 510 4203 λαμπρόν·
546 4114 731 4201 ἀνοιγόμενον
766 4115 793 4180 δ’
821 4115 881 4181 ἐστὶ
914 4117 1004 4201 μέλαν
1042 4116 1091 4184 καὶ
1131 4116 1316 4203 έπέσαπρον.“
1371 4117 1479 4182 Totam
1516 4122 1614 4204 igitur

155 4222 289 4305 pilulam
322 4222 408 4286 vario
447 4223 549 4286 colore
586 4240 655 4286 esse
691 4219 924 4305 Theophrastus
968 4222 1063 4305 dicit,
1101 4223 1271 4288 umbilicos
1318 4223 1520 4287 candicantis
1564 4224 1614 4288 vel

158 4326 258 4408 nigris
281 4325 415 4390 maculis
437 4327 606 4410 praeditos,
629 4326 767 4389 mediam
790 4331 911 4409 partem
943 4326 1123 4391 coccineam
1154 4332 1185 4391 et
1216 4326 1428 4410 splendidam.
1486 4325 1614 4392 Plinius

158 4429 208 4492 his
231 4429 436 4513 neglegenter
458 4430 604 4514 perlectis
628 4427 790 4494 umbilicis
819 4429 993 4494 candidum
1016 4434 1141 4494 tantum
1171 4432 1305 4495 colorem
1334 4428 1453 4512 tribuit,
1484 4431 1614 4516 nigrum

159 4534 273 4596 ceteris
295 4533 393 4597 huius
416 4533 534 4616 pilulae
556 4531 883 4616 partibus;··„cetera“
908 4533 1084 4617 desumpsit
1106 4553 1147 4597 ex
1171 4534 1276 4599 verbis
1299 4533 1349 4612 „cd
1373 4530 1400 4596 δ’
1417 4531 1472 4598 ἀνὰ
1498 4533 1614 4618 μέσον“,

160 4655 242 4718 quae
276 4636 354 4700 falso
385 4636 552 4701 intellexit.
612 4634 701 4711 Quae
734 4654 808 4699 cum
839 4636 1020 4721 significent
1055 4639 1177 4720 „spatia
1210 4641 1294 4704 inter
1327 4637 1499 4702 umbilicos
1534 4638 1612 4704 sita“

160 4735 287 4802 Plinius
320 4739 440 4802 rettulit
474 4739 513 4802 ad
547 4740 684 4805 mediam
718 4744 841 4822 partem
869 4741 998 4823 pilulae,
1034 4759 1129 4825 quem
1167 4747 1297 4806 secutus
1327 4745 1375 4805 est
1409 4736 1505 4804 Gaza.
1565 4740 1615 4806 Sic

206 5016 358 5177 ..d-3,
